1520 2600
202 64 277 96 ursan
292 63 325 96 rv.
361 63 381 96 o.
399 62 530 96 CALIGULA.
675 54 702 96 63

31 183 76 218 teas
86 179 150 219 misit.
165 190 168 193 ⁴
179 178 322 229 Cognoseebat
332 181 402 217 autem
412 178 437 216 de
451 177 530 217 talibus
545 177 619 226 causis,
630 180 702 216 taxato

31 249 90 301 prius
104 250 165 288 modo
180 261 273 288 summae
288 249 314 287 ad
328 260 391 299 quem
407 247 560 302 conficiendum
578 247 701 296 consideret,

32 319 127 359 contecto
141 319 224 358 demum
239 318 374 357 excitabatur.
403 317 434 357 Ac
448 330 474 356 ne
489 317 598 368 paululum
617 317 702 368 quidem

32 401 101 429 morae
110 388 199 440 patiens,
210 401 272 440 super
282 387 421 439 quadraginta
430 401 475 427 reos
486 388 591 438 quondam
601 400 628 426 ex
636 388 703 427 diver-

32 460 61 498 sis
76 459 198 498 criminibus
215 471 258 497 una
272 458 378 498 sententia
392 457 545 507 condemnavit,
559 457 723 508 gloriatusque5

32 533 64 569 est
75 519 244 581 expergefactae
254 541 326 568 somno
337 514 444 579 Caesonia
456 535 554 579 percurram
568 531 643 578 epictet,
654 530 702 567 ditia

32 602 183 638 erranei-taicum.
474 590 476 594 ¹

58 669 161 708 Auctione
179 668 292 721 proposita,
306 668 406 720 reliquias
426 668 516 708 omnium
537 667 702 720 spectaculorum

33 740 121 779 subiecit
131 751 154 778 ac
161 739 286 789 venditavit,
294 739 407 789 exquirens
415 751 452 789 per
462 751 483 777 se
493 739 562 789 pretia
571 742 592 777 et
601 750 668 789 usque
678 750 702 777 eo

32 809 152 858 extendens,
163 813 187 847 ut
197 809 283 860 quidam
293 809 394 848 immenso
404 808 470 849 coacti
480 809 583 860 quaedam
597 820 664 847 emere
679 820 702 847 ac
713 816 732 846 10

31 880 91 919 bonis
103 879 162 918 exuti
172 892 236 918 renas
249 879 290 918 sibi
300 879 424 917 inciderent.
452 879 510 917 Nota
523 891 556 917 res
571 882 608 928 est,
619 878 702 929 Aponio

33 949 145 988 Saturnino
159 949 215 987 inter
229 948 329 988 subsellia
348 948 481 998 dormitante,
496 948 599 987 monitum
618 961 631 987 a
649 948 702 988 Gaio

33 1031 154 1069 praeconem
160 1031 186 1057 ne
192 1019 320 1070 praetorium
326 1017 395 1057 virum
403 1018 473 1057 crebro
480 1018 555 1069 eapitis
562 1022 621 1057 motu
628 1021 702 1057 nutan-

31 1093 74 1127 tem
93 1089 134 1127 sibi
152 1088 282 1139 praeteriret,
296 1100 335 1126 neo
353 1088 431 1126 licendi
449 1088 511 1127 finem
531 1088 618 1137 factum,
633 1087 702 1138 quoad

31 1159 134 1197 tredecim
144 1158 270 1207 gladiatores
280 1158 402 1202 ,sestertium
414 1158 513 1207 nonagies
525 1157 631 1207 ignoranti
645 1157 702 1196 addi·
713 1167 732 1197 15

0 1235 21 1266 ³9
32 1226 132 1267 cenentur.
161 1229 188 1266 ln
198 1227 269 1267 Gallia
284 1240 372 1279 quoque,
384 1240 429 1267 cum
445 1229 551 1267 damnata
568 1281 582 1310 Η

582 1281 680 1311 {sanction-

568 1331 614 1361 sales

31 1311 78 1337 rum
90 1311 183 1337 sororum
195 1296 318 1336 ornamenta
329 1301 350 1336 et
362 1291 515 1349 supellectilem
530 1302 551 1337 et

32 1381 101 1407 servos
112 1372 174 1418 atque
184 1368 247 1407 etiarn
257 1367 344 1408 libertos
356 1368 464 1408 immensis
475 1368 549 1419 pretiis

31 1438 167 1487 vendidisset,
177 1438 281 1477 invitatus
290 1438 354 1487 lucro,
365 1437 468 1489 quidquid
478 1438 613 1477 instrumenti
623 1438 701 1477 veteris

31 1508 91 1547 aulae
103 1511 147 1547 erat
159 1508 185 1547 ab
198 1508 249 1547 urbe
263 1508 355 1559 repetiit,
365 1508 493 1559 comprensis
508 1508 535 1547 ad
549 1508 701 1559 deportandum
712 1518 732 1547 ab

31 1578 145 1617 meritoriis
159 1567 242 1629 quoque
256 1577 360 1617 vehiculis
375 1581 397 1617 et
412 1577 576 1629 pistrinensibus
595 1578 700 1627 iumentis,

32 1648 83 1687 adeo
96 1651 121 1687 ut
135 1651 156 1686 et
169 1648 230 1699 panis
244 1649 324 1687 Romae
338 1661 399 1699 saepe
415 1648 512 1687 deficeret
531 1652 553 1687 et
571 1648 701 1698 litigatorum

31 1717 132 1769 plerique,
147 1718 202 1769 quod
216 1728 327 1757 occurrere
342 1718 438 1757 absentes
457 1719 484 1757 ad
498 1718 641 1757 vadimonium
659 1732 701 1758 non

31 1791 123 1838 possent,
139 1800 201 1827 causa
215 1789 318 1827 caderent.
348 1788 387 1828 Cui
406 1788 545 1827 instrumento
565 1788 702 1828 distrahendo
756 1781 758 1783 ’

31 1857 85 1896 nihil
99 1870 141 1897 non
154 1858 236 1897 fraudis
250 1870 274 1897 ac
288 1858 388 1898 lenocinii
402 1858 505 1908 adhibuit,
520 1859 581 1898 modo
600 1859 732 1898 aventinen

31 1927 125 1978 singulos
134 1928 245 1980 increpans
255 1932 277 1968 et
286 1930 342 1980 quod
351 1942 394 1968 non
403 1929 492 1980 puderet
506 1942 540 1969 eos
554 1929 701 1980 locupletiores

31 2009 76 2037 esse
88 2011 151 2049 quam
163 2011 190 2048 se,
201 2000 263 2038 modo
274 1999 425 2050 paenitentiam
440 1999 541 2039 simulans
556 1999 612 2050 quod
626 2000 702 2050 princi-

31 2067 110 2117 palium
134 2082 202 2108 rerum
228 2069 317 2121 privatis
343 2059 424 2122 copiam
448 2071 533 2110 faceret.
567 2071 701 2121 Compererat

31 2138 180 2188 provincialem
198 2140 324 2192 locupletem
348 2142 437 2181 ducenta
460 2141 558 2181 sestertia
580 2153 701 2181 numerasse

30 2209 168 2261 vocatoribus,
176 2215 200 2250 ut
210 2224 247 2262 per
257 2212 364 2251 fallaciam
373 2212 469 2251 conuiuio
479 2212 652 2263 interponeretur,
662 2224 701 2251 nec
712 2221 731 2250 90

31 2273 252 2338 tulerat'molestetam
261 2294 336 2332 magno
344 2282 451 2322 aestimari
457 2282 557 2322 honorem
567 2295 629 2322 cenae
639 2295 699 2332 suae3

30 2347 80 2389 huic
87 2354 170 2401 postero
180 2351 215 2391 die
222 2352 303 2391 sedenti
313 2351 336 2391 in
345 2353 440 2392 auctione
450 2352 514 2403 misit,
523 2352 560 2404 qui
569 2352 639 2392 nescio
649 2353 701 2404 quid
