1520 2600
48 82 76 123 10
100 90 119 122 C.
138 90 242 123 SUETONI
257 90 410 130 TRANQUILLI
425 91 458 122 DE
472 90 532 123 VITA
548 89 682 122 CAESARUM

48 203 105 241 enim
119 203 272 257 appellabatur)
288 203 408 242 relaturum.
438 203 482 249 Quo
496 203 607 254 praecipue
621 215 663 240 non
676 202 719 241 iam

48 277 105 312 metu
121 274 158 312 sed
172 273 292 312 discrimine
307 277 389 312 coactus
404 276 441 322 est,
452 277 496 312 tam
510 273 554 311 suis
569 285 631 323 quam
645 271 718 311 matris

47 342 209 393 impensissimis
232 343 328 392 precibus
351 343 442 381 reditum
465 342 602 393 expostulare,
623 334 719 392 impetra

48 413 128 464 vitque,
147 412 231 451 adiutus
254 412 386 463 aliquantum
409 412 473 451 etiam
496 424 551 450 casu.
584 411 718 450 Destinatum

27 492 36 520 5
47 483 144 537 Augusto
154 485 204 531 erat,
214 482 269 520 nihil
280 495 375 533 superea
390 482 464 521 renisi
479 495 504 521 ex
515 482 624 521 voluntate
634 481 717 520 maioris
743 524 747 528 „

47 553 79 591 fili
99 556 201 601 statuere3
219 552 237 591 is
256 553 311 591 forte
327 555 378 591 tunc
394 553 423 591 M.
441 552 510 591 Lollio
526 552 630 600 offensior,
648 551 717 590 facilis
753 604 755 606 q

48 623 203 673 exorabilisque
216 622 239 660 in
252 622 352 661 vitricum
368 622 415 662 fuit.
444 622 583 661 Permittente
600 634 648 672 ergo
665 622 718 661 Galo

47 696 157 732 revocatus
177 695 215 741 est,
231 705 304 731 verum
324 693 363 732 sub
379 692 500 732 condicione
515 704 542 730 ue
559 704 621 742 quam
637 695 717 742 partem

48 775 145 801 curamve
159 763 189 801 rei
203 762 299 813 publicae
309 763 427 813 attingeret.

18 839 36 868 10
225 832 298 871 Rediit
310 836 383 871 octavo
395 821 444 882 post
456 845 560 871 secessum
571 844 631 881 anno,
642 844 718 881 magna
727 837 752 869 14

47 887 112 916 Reium
119 888 137 916 to

10 949 13 956 1
47 936 98 966 Rome
197 914 236 940 nec
243 902 323 940 incerta
330 914 366 952 spe
374 902 499 951 futurorum,
505 914 566 951 quam
573 905 594 940 et
600 901 688 940 ostentis
696 904 717 939 et

197 970 375 1022 praedictionibus
385 971 411 1010 ab
420 971 482 1010 initio
492 971 566 1010 aetatis
576 975 702 1022 conceperat.

74 1042 195 1090 Praegnans
210 1041 266 1079 enim
282 1041 349 1080 Livia·
358 1054 411 1089 cum,
426 1053 453 1080 an
467 1053 545 1080 marem
559 1042 641 1079 editura
656 1044 716 1090 esset,

47 1111 107 1166 Omeffffi
113 1112 147 1166 fed
197 1111 261 1150 variis
270 1114 363 1162 captaret
371 1111 482 1161 ominibus,
490 1115 553 1150 ovum
560 1111 668 1150 incubanti
676 1110 717 1161 gal·
750 1160 751 1163 Ἰ

17 1194 35 1222 15
46 1160 171 1249 ξζξῗῐῗξῐῖἰῗ
196 1180 253 1219 linae
272 1181 397 1220 subductum
415 1194 472 1220 nunc
490 1193 528 1220 sua
543 1194 598 1220 nunc
613 1181 717 1220 ministra-

47 1268 87 1290 ness
197 1263 243 1289 rum
262 1264 326 1290 manu
347 1264 383 1302 per
402 1251 458 1290 vices
479 1263 546 1302 usque
566 1250 627 1300 fovit,
649 1251 717 1302 quoad

46 1320 118 1371 pullus
133 1320 245 1370 insigniter
259 1321 358 1360 cristatus
373 1321 470 1360 exclusus
483 1324 520 1360 est.
548 1320 580 1360 Ac
595 1321 620 1360 de
634 1321 716 1360 infante
731 1342 737 1345 -

47 1390 167 1429 Scribonius
178 1390 338 1429 mathematicus
351 1390 458 1442 praeclara
471 1391 589 1442 spopondit,
599 1390 663 1429 etiam
674 1376 716 1442 reg-

47 1465 145 1499 naturum
160 1460 290 1511 quandoque,
301 1461 337 1499 sed
352 1461 397 1499 sine
411 1461 468 1510 regio
482 1461 566 1510 insigni,
577 1461 649 1511 ignota
663 1461 717 1500 scili-

16 1542 35 1570 ac
47 1535 80 1569 cet
88 1534 139 1569 tunc
149 1531 217 1569 adhuc
227 1530 339 1569 Caesarum
348 1534 458 1582 potestate.
486 1531 515 1569 Et
524 1531 618 1581 ingresso
628 1531 716 1582 primam

47 1600 202 1651 expeditionem
214 1613 237 1639 ac
251 1613 288 1651 per
302 1601 446 1640 Macedoniam
462 1601 550 1640 ducente
565 1601 680 1639 exercitum
693 1602 717 1639 in

48 1670 137 1722 Syriam,
148 1670 225 1709 accidit
238 1674 263 1709 ut
277 1658 333 1722 apud
346 1670 458 1722 Philippos
475 1674 567 1710 sacratae
584 1670 634 1710 olim
648 1671 717 1710 victri-

47 1741 103 1779 cium
117 1740 223 1790 legionum
238 1753 285 1780 arae
300 1744 374 1791 sponte
386 1741 461 1780 subitis
474 1741 607 1780 conlucerent
621 1741 715 1791 ignibus3

47 1814 68 1850 et
82 1823 137 1860 mon,
153 1824 200 1849 cum
217 1811 327 1862 illyricum
343 1814 417 1862 petens
433 1811 494 1850 iuxta
509 1812 622 1850 Patavium
637 1812 717 1852 adisset

16 1895 35 1924 25
48 1881 152 1932 Geryonis
169 1881 281 1930 oraculum,
298 1885 353 1919 sorte
369 1884 442 1931 tracta,
457 1894 499 1932 qua
514 1882 637 1921 monebatur
653 1886 677 1921 ut
691 1883 716 1921 de

47 1950 236 1990 consultationibus
254 1951 277 1989 in
291 1950 362 2002 Aponi
377 1952 457 1990 fontem
472 1951 527 1991 talos
544 1964 617 1991 aureos
633 1952 715 2002 iaceret,

47 2021 118 2061 evenit
133 2025 158 2060 ut
175 2034 279 2061 summum
297 2034 407 2071 numermn
423 2021 474 2060 iacti
490 2021 516 2061 ab
533 2034 556 2060 eo
573 2023 716 2073 ostendereut;

46 2092 150 2142 hodieque
165 2092 203 2131 sub
218 2104 273 2143 aqua
286 2091 385 2131 visuntur
398 2091 421 2130 hi
434 2092 478 2131 tali.
506 2092 562 2131 Ante
576 2106 653 2144 paucos
667 2106 717 2133 vero

47 2176 110 2214 quam
129 2166 260 2202 revocaretur
279 2162 323 2202 dies
340 2163 416 2214 aquila,
433 2175 547 2215 numquam
566 2168 628 2203 antea
646 2164 717 2204 Rhodi

16 2245 36 2275 30
47 2237 164 2285 conspecta,
183 2234 207 2272 111
227 2233 318 2272 culmine
340 2234 413 2273 domus
432 2234 477 2273 eius
496 2235 586 2285 assedit3
610 2239 631 2274 et
649 2235 716 2286 pridie

47 2318 110 2357 quam
122 2305 147 2343 de
160 2303 230 2343 reditu
243 2304 318 2343 certior
330 2303 395 2354 fieret,
406 2304 531 2343 vestimenta
542 2305 633 2345 mutanti
645 2306 717 2345 unica

47 2377 119 2416 ardere
136 2375 182 2415 visa
201 2378 237 2414 est.
274 2374 409 2425 Thrasyllum
433 2387 515 2426 quoque
538 2376 715 2426 mathematicum,
