1520 2600
208 86 321 124 amnui.
356 89 432 122 uirus
447 88 577 122 canamus.
701 80 729 122 89

57 208 138 248 toribus
154 210 210 246 certa
223 206 281 245 lucra
295 205 410 257 proposuit,
426 208 523 255 suscepto
537 203 559 241 iu
574 216 596 242 se
613 203 695 252 damno,
710 203 729 242 si

59 279 93 318 cui
102 278 155 329 quid
166 290 203 328 per
215 281 350 327 tempestates
363 268 479 324 accidisset,
490 279 511 313 et
524 287 588 313 naves
601 277 729 312 mercaturae

59 362 121 389 causa
133 347 286 387 fabricantibus
299 359 375 396 magna
388 346 496 384 commoda
512 344 622 384 constituit
632 357 670 394 pro
684 356 730 382 con-

25 432 49 464 19
59 420 141 460 dicione
150 418 198 457 cuiu
210 430 261 469 que;
276 418 317 457 civi
325 403 457 455 vacationem
463 416 516 465 legis
524 414 602 468 Papiae
612 415 728 466 Poppaeae,

58 490 135 529 Latino
149 489 181 528 ius
196 432 316 537 (iuditium,
334 487 420 526 feminis
435 487 467 526 ius
486 489 586 537 quattuor
604 485 749 535 liberorum35

59 574 112 612 quae
126 559 241 598 constituta
255 558 357 608 hodieque
372 561 487 596 servantur.

6 631 11 655 Ψ
24 642 49 674 20
86 632 154 682 Opera
167 642 242 686 magna
251 629 385 680 potiusquam
399 627 516 666 necessaria
526 630 547 665 et
556 626 624 665 multa
633 625 728 677 perfecit,

60 702 96 741 sed
109 701 143 740 vel
157 700 279 751 praecipua:
295 700 381 738 ductum
396 711 497 749 aquarum
510 711 523 737 a
536 697 589 736 Gaio
601 696 729 744 incohatum,

59 773 109 811 item
120 770 251 809 emissarium
260 770 335 808 Fucini
342 769 400 808 lacus
408 772 534 820 portumque
542 767 578 807 Os·
595 811 653 842 Public
659 811 716 842 ΨΜ

58 843 153 890 mensem,
164 853 289 892 quamquam
303 839 365 879 sciret
376 839 438 878 exiis
452 839 542 877 alterum
552 839 578 877 ab

59 914 155 963 Augusto
167 910 300 962 precantibus
311 909 394 958 assidue
408 909 485 949 Marsis
499 913 603 959 negatum,
614 910 703 949 alterum
718 922 730 949 a

59 984 114 1022 Divo
128 982 184 1020 lulio
201 981 284 1032 saepius
300 979 428 1019 destinatum
446 992 469 1018 ac
484 983 569 1031 propter
584 980 730 1020 difficultatem

59 1054 164 1093 omissum.
193 1051 292 1092 Claudiae
304 1063 369 1102 aquae
382 1050 461 1101 gelidos
475 1054 496 1090 et
508 1051 581 1090 uberes
593 1051 669 1102 fontes,
682 1064 730 1104 quo

30 1124 32 1126 ’
59 1128 105 1163 rum
115 1123 177 1163 alteri
184 1123 289 1172 Caeruleo,
297 1122 358 1162 alteri
366 1122 438 1161 Curtio
446 1127 467 1161 et
473 1113 594 1172 Albudigno
604 1136 680 1162 nomen
690 1127 729 1173 est,

60 1194 164 1245 simulque
181 1193 250 1232 rivum
268 1192 357 1232 Anienis
376 1193 426 1231 novi
444 1192 527 1244 lapideo
540 1205 602 1244 opere
619 1193 641 1232 in
657 1194 748 1233 urbem]

59 1264 163 1315 perduxit,
179 1263 293 1314 divisitque
309 1263 332 1313 in
348 1263 449 1314 plurimos
466 1267 487 1302 et
505 1263 648 1303 ornatissimos
665 1264 729 1303 lacus.

60 1331 163 1374 Fucinum
176 1335 286 1384 adgressus
299 1337 337 1384 est,
347 1347 389 1373 nou
404 1335 473 1374 minus
487 1335 606 1385 compendii
618 1347 655 1386 spe
667 1347 730 1385 quam

60 1405 143 1456 gloriae,
154 1418 200 1444 omn
213 1405 298 1456 quidam
313 1405 396 1457 privato
410 1409 496 1456 sumptu
509 1405 620 1445 emissuros
630 1418 652 1445 se
662 1418 730 1457 repro

59 1476 174 1525 mitterent,
191 1476 210 1515 si
229 1476 269 1515 sibi
285 1476 359 1516 siccati
375 1476 420 1525 agri
436 1477 602 1516 concederentur.
631 1477 671 1529 Per
687 1476 730 1515 tria
745 1519 747 1521 ,

60 1550 130 1585 autem
146 1558 246 1596 passuum
260 1546 320 1586 milia
336 1546 413 1597 partim
428 1546 503 1586 effosso
519 1550 590 1585 monte
605 1546 682 1597 partim
697 1560 730 1586 ex·
740 1556 757 1581 ¹

61 1616 108 1668 ciso,
117 1616 311 1668 canalemabsolvit
320 1602 380 1666 aegre
389 1620 464 1667 etpost
473 1616 570 1656 undecim
580 1629 652 1666 annos,
660 1623 730 1668 quam-
754 1645 756 1648 -

60 1687 92 1726 ris
106 1687 210 1736 continuis
222 1687 287 1726 XXX
300 1687 407 1726 hominum
421 1688 506 1727 milibus
519 1687 564 1728 sine
574 1687 729 1727 intermissione

60 1757 199 1808 operantibus.
227 1758 314 1797 Portum
326 1757 397 1797 Ostiae
410 1749 519 1808 exstruxit,
530 1757 672 1797 circumducto
682 1759 729 1797 dex-

60 1831 93 1867 tra
102 1827 229 1878 sinistraque
236 1828 321 1867 brachio
330 1831 352 1867 et
361 1828 388 1867 ad
397 1828 508 1868 introitum
517 1828 622 1881 profundo
632 1828 674 1867 iam
685 1828 729 1868 salo

59 1898 114 1937 mole
127 1898 217 1948 obiecta,
233 1911 295 1950 quam
308 1911 349 1950 quo
362 1899 458 1939 stabilius
472 1900 576 1948 fundaret,
590 1912 665 1938 narem
681 1903 759 1938 antea

60 1968 164 2017 demersit,
175 1981 217 2019 qua
225 1982 313 2020 magnus
323 1968 426 2009 obeliscus
436 1982 462 2009 ex
471 1969 569 2022 Aegypto
579 1969 648 2008 fuerat
658 1970 729 2008 advec-

59 2041 99 2098 tus,
110 2039 255 2090 congestisque
268 2040 318 2091 pilis
331 2040 464 2091 superposuit
477 2039 602 2080 altissimam
614 2043 694 2078 turrem
705 2040 729 2078 in

59 2110 178 2160 exemplum
190 2110 329 2149 Alexandrini
339 2110 409 2160 Phari,
420 2114 444 2149 ut
457 2111 484 2150 ad
492 2114 604 2150 nocturnos
615 2109 673 2160 ignes
685 2123 729 2149 cur-

59 2192 105 2219 sum
114 2180 199 2230 navigia
209 2180 329 2230 dirigerent.

24 2249 48 2282 21
86 2250 197 2300 Congiaria
202 2251 279 2301 populo
286 2250 368 2309 saepius
377 2251 500 2295 distribuit..
516 2251 639 2302 Spectacula
646 2263 728 2302 quoque
739 2255 759 2284 30

59 2320 166 2372 complura
179 2324 200 2359 et
208 2321 320 2370 magnifica
331 2321 403 2369 edidit,
414 2335 456 2360 non
465 2322 545 2361 usitata
555 2322 616 2360 modo
626 2334 650 2360 ac
660 2321 728 2361 solitis

58 2389 116 2441 locis,
131 2391 168 2429 sed
183 2394 205 2429 et
221 2390 366 2431 commenticia
380 2394 400 2430 et
415 2404 441 2430 ex
455 2391 582 2443 antiquitate
596 2391 692 2443 repetita,
707 2395 729 2430 et
