1520 2600
48 135 91 176 132
117 143 137 176 c.
151 143 255 176 suarem
268 143 420 184 rnnuoumnr
429 144 467 175 11
480 143 542 176 viru
555 144 690 177 0110111111

48 260 74 298 Τὸ
88 260 160 311 τέχνιον
174 260 223 309 ἡμᾶς
239 259 336 310 διαθρέψει,
351 271 391 309 quo
408 258 485 297 maiore
505 258 585 298 scilicet
599 259 661 299 venia
679 273 720 299 me-

48 329 151 368 ditaretur
175 328 337 367 citharoedicam
360 332 432 377 artem,
451 327 543 379 principi
566 329 607 368 sibi
631 333 719 380 gratam,

47 400 130 450 privato
145 398 289 437 necessariam.
299 421 314 440 1
325 398 483 448 Spoponderant
500 402 571 436 tamen
587 398 673 449 quidam
687 401 720 439 de-

48 469 123 509 stituto
138 467 230 508 Orientis
246 467 415 516 dominationem,
426 467 523 506 nonnulli
538 467 663 508 nominatim
677 482 720 520 reg-

27 551 98 580 5num
112 538 313 589 Hierosolymorum,
329 537 399 588 plures
414 537 481 576 omnis
501 537 603 588 pristinae
621 539 719 578 fortunae

47 608 208 648 restitutionem.
238 609 277 648 eui
291 608 335 659 spei
349 608 439 659 pronior,
454 608 566 647 Britannia
578 609 719 661 Armeniaque

48 679 125 718 amissa
134 691 157 718 ac
167 691 238 718 rursus
252 682 340 729 utraque
352 681 441 729 recepta,
452 678 575 717 defunctum
586 692 608 718 se
617 679 723 725 fatalibus

47 749 109 788 malis
119 749 259 787 existimabat.
296 749 328 788 Ut
337 760 391 796 vero,
402 748 498 786 consulto
512 748 603 799 Delphis
612 747 718 799 Apolline,

49 808 242 869 septuagensimum
250 830 273 856 ac
280 817 367 856 tertium
374 830 451 856 annum
458 818 574 856 cavendum
583 818 623 857 sibi
631 819 718 868 audivit,

18 896 37 925 10
48 888 109 938 quasi
123 900 146 926 eo
161 888 245 926 demum
260 887 361 936 obiturus,
372 899 395 925 ac
408 887 464 925 nihil
478 887 596 927 coniectans
611 888 636 927 de
651 892 719 928 aetate

49 958 133 1007 Galbae,
144 961 204 996 tanta
217 957 295 996 fiducia
307 969 349 995 non
363 957 425 995 modo
438 960 543 996 senectam
554 957 663 996 sedetiam
676 971 720 1009 per-

48 1032 133 1078 petuam
152 1027 321 1077 singularemque
340 1026 435 1077 concepit
454 1026 583 1076 felicitatem,
598 1030 626 1066 ut'
637 1023 730 1068 amissis

48 1098 159 1146 naufragio
168 1096 328 1148 pretiosissimis
338 1097 400 1136 rebus
411 1109 456 1135 nou
466 1095 594 1135 dubitaverit
604 1096 660 1136 iuter
672 1110 719 1137 suos

49 1167 123 1216 dicere,
130 1170 197 1216 pisces
207 1179 241 1206 ecs
251 1168 290 1205 sibl
299 1168 403 1205 1010111το0.

19 1247 38 1276 15
75 1236 166 1287 Neapoli
176 1237 202 1275 de
214 1240 273 1275 motu
286 1235 403 1276 Galliarum
416 1235 513 1286 cognorit
526 1236 560 1275 dic
570 1232 616 1287 ipso
626 1250 667 1288 quo
680 1250 721 1276 ma-

48 1311 102 1346 trem
112 1306 222 1355 occiderat,
231 1306 324 1355 adeoque
333 1306 390 1344 lente
401 1318 425 1344 ac
435 1318 506 1344 secure
515 1305 567 1344 tulit
576 1310 600 1345 ut
610 1307 720 1355 gaudentis

49 1377 113 1415 etiam
131 1376 270 1427 suspicionem
286 1376 401 1426 praeberet,
421 1378 529 1425 tamquam
548 1375 655 1415 occasione
671 1380 722 1419 nata

49 1446 205 1497 spoliandarum
217 1446 262 1484 iure
272 1445 324 1484 belli
336 1444 544 1495 opulentissimarum
554 1445 720 1497 provinciarum3

50 1516 163 1566 statimque
178 1516 200 1553 in
217 1515 351 1566 gymnasium
367 1527 496 1566 progressus,
512 1515 613 1554 certantis
630 1516 721 1555 athletas

18 1595 38 1623 ac
49 1585 176 1625 effusissimo
190 1585 260 1623 studio
274 1585 383 1635 spectavit.
413 1584 481 1623 (lenae
495 1597 577 1635 quoque
590 1589 683 1636 ternpore
692 1586 723 1624 in-

48 1655 173 1706 terpellatus
185 1654 382 1693 tumultuosioribus
395 1653 479 1703 litteris,
491 1654 592 1693 hactenus
603 1655 721 1704 excanduit,

49 1728 73 1764 ut
82 1725 161 1764 malum
171 1724 197 1764 110
206 1725 243 1775 qui
250 1724 367 1763 descissent
376 1723 497 1762 minaretur.
527 1723 623 1775 Denique
633 1737 670 1776 per
676 1728 722 1764 octo

49 1795 158 1834 continuos
170 1795 214 1833 dies
224 1807 266 1832 11011
276 1795 390 1833 rescribere
400 1794 504 1843 cuiquam,
513 1806 555 1832 11011
564 1795 663 1833 mandare
671 1795 723 1845 quid

18 1858 23 1866 ⁶
50 1868 86 1903 aut
95 1864 214 1915 praecipere
224 1867 317 1912 conatus,
325 1875 370 1901 rem
380 1862 464 1901 silentio
475 1862 611 1901 oblitteravit.
640 1863 722 1903 Edictis
732 1872 757 1904 41

19 1945 38 1975 25
49 1935 135 1974 tandem
144 1933 240 1974 Vindicis
255 1933 411 1972 contumeliosis
421 1936 443 1972 01
453 1933 599 1984 frequentibus
609 1938 722 1984 permotus,

50 2008 147 2044 senatum
159 2004 251 2055 epistula
264 2005 287 2042 111
292 2004 397 2043 'ultionem
412 2004 446 2043 sui
459 2003 530 2054 reique
543 2004 640 2054 publicae
652 2004 723 2043 adhor-

50 2079 107 2114 tatus
121 2079 158 2123 est,
169 2078 268 2113 excusato
283 2074 383 2123 languore
396 2073 495 2123 lancium,
507 2077 593 2124 propter
606 2086 668 2124 quem
681 2087 724 2113 non

50 2145 138 2184 adesset.
167 2144 230 2183 Nihil
245 2148 315 2183 autem
330 2156 396 2195 aeque
410 2143 484 2193 doluit,
495 2156 558 2194 quam
570 2147 595 2182 ut
608 2144 687 2182 malum
702 2157 723 2183 se

51 2214 195 2253 citharoedum
208 2214 334 2265 increpitum
347 2226 372 2253 ae
380 2226 422 2264 pro
434 2214 519 2252 Nerone
531 2213 680 2253 Aenobarbum
691 2227 725 2265 ap-

22 2297 41 2326 30
52 2285 159 2337 pellatum.
189 2285 218 2323 Et
227 2296 303 2323 nomen
316 2283 401 2334 quidem
414 2283 498 2334 gentile,
509 2284 565 2334 quod
578 2284 619 2323 sibi
632 2297 669 2336 per
679 2297 725 2324 con-

52 2355 161 2394 tumeliam
176 2355 341 2406 exprobraretur,
356 2357 512 2405 resumpturum
526 2367 548 2393 se
562 2355 670 2405 professus
686 2359 723 2404 est,

53 2425 148 2476 deposito
164 2424 269 2476 adoptivo,
282 2427 351 2463 cetera
362 2423 461 2474 convicia,
469 2427 493 2462 ut
507 2423 569 2475 falsa,
582 2437 624 2464 non
639 2426 680 2464 alio
695 2439 725 2465 ar-
