1520 2600
30 109 57 150 96
81 116 100 149 o.
117 116 221 149 sunroru
236 116 388 156 calnomum
403 118 436 148 na
453 118 513 150 viru
529 117 664 151 cassanum

29 230 116 269 divortii
126 217 197 269 natam
211 230 281 281 alique
295 233 395 280 coeptam,
411 231 487 281 exponi
500 234 571 270 tamen
586 231 613 270 ad
627 230 700 269 matris

29 301 114 339 ianuam
127 304 148 339 et
162 287 241 339 nudam
256 299 393 339 iussit-abici.
422 301 537 340 Antoniam
551 301 588 341 Cn.
601 302 701 353 Pompeio

29 372 113 420 lllaguo,
130 370 205 409 deinde
226 356 305 409 Fausto
327 370 403 419 Sullae,
423 371 561 410 nobilissimis
581 371 700 421 iuvenibus,

30 441 139 481 Octaviam
157 440 237 478 Neroni
256 438 352 490 privigno
372 453 409 479 suo
428 441 544 490 collocavit,
564 442 635 498 Silano
652 447 700 482 ante

8 512 159 561 5desponsam.
198 509 348 558 Britannicum,
368 509 466 549 vicesimo
486 511 570 561 imperii
584 512 618 550 die
636 512 700 563 inque

29 581 119 621 secundo
135 580 242 619 consulatu
257 584 331 618 natum
346 580 392 628 sibi,
410 581 520 630 parvulum
536 582 599 620 etiam
613 586 665 632 tum,
679 587 700 621 et

29 651 94 689 militi
112 663 149 701 pro
163 650 259 688 contione
278 648 375 688 manibus
392 650 435 689 suis
454 655 537 700 gestans
553 655 574 690 et
590 652 648 703 plebi
663 666 700 704 per
753 659 755 662 ’

29 721 148 772 spectacula
166 721 244 770 gremio
266 723 302 759 aut
321 723 370 758 ante
392 733 413 759 se
433 721 525 760 retinens
547 722 629 760 assidue
648 735 700 761 com-

29 792 141 831 mendabat
152 791 270 841 faustisque
284 790 388 829 ominibus
402 803 450 829 cum
462 792 626 830 adclamantium
638 793 700 832 turba

0 871 17 899 ιο
29 862 197 912 prosequebatur.
221 862 239 899 E
247 861 329 911 generis
337 861 443 899 Neronem
453 861 567 912 adoptavit,
575 862 700 912 Pompeium
744 914 747 918 ἢ

29 936 91 983 atque
102 932 196 970 Silanum
207 944 249 970 non
259 930 364 970 recusavit
373 931 441 980 modo,
452 932 487 970 sed
497 937 519 970 et
528 931 640 970 interemit.

55 1001 188 1044 Libertorum
210 1001 322 1052 praecipue
346 1001 441 1051 suspexit
464 1001 556 1040 Posiden
580 1001 698 1051 spadonem,
709 1008 734 1041 28

29 1084 91 1122 quern
107 1071 171 1109 etiam
188 1071 310 1110 Britannico
329 1066 436 1121 triumpho
453 1070 508 1109 inter
524 1069 627 1109 militares
643 1071 699 1110 viros

180 1140 242 1179 hasta
260 1152 313 1191 pura
331 1139 431 1189 donavit;
456 1153 493 1179 nec
515 1139 584 1178 minus
601 1140 699 1190 Felicem,

180 1223 242 1260 quem
259 1209 379 1248 cohortibus
397 1213 418 1248 et
434 1209 473 1248 alis
490 1209 650 1260 provinciaeque
666 1211 700 1249 Iu-

29 1280 92 1319 daeae
106 1279 233 1330 praeposuit,
243 1279 307 1318 trium
323 1279 441 1328 reginarum
456 1267 566 1328 maritum,
584 1283 605 1318 et
619 1280 700 1331 Harpo-

9 1221 17 1229 .
28 1184 59 1213 His
65 1183 150 1213 treedmen

8 1230 17 1250 ἱ)

29 1362 84 1396 oran,
100 1349 133 1387 cui
147 1349 222 1388 lectica
239 1362 281 1399 per
292 1349 364 1387 urbem
380 1349 471 1387 vehendi
488 1349 700 1400 spectaculaquevpu-

28 1419 82 1458 blice
92 1419 167 1457 edendi
174 1419 207 1458 ius
215 1418 290 1458 tribuit
298 1433 302 1467 ς
316 1430 340 1457 ac
348 1430 410 1469 super
416 1418 454 1457 hos
462 1418 572 1470 Polybium
582 1419 608 1458 ab
616 1419 698 1469 studiis,

28 1490 65 1540 qui
75 1501 136 1539 saepe
147 1488 202 1527 inter
212 1489 262 1527 duos
273 1488 368 1527 consules
379 1488 511 1537 ambulabat;
526 1488 563 1526 sed
573 1492 621 1526 ante
631 1489 698 1528 omnis

0 1571 15 1594 11
28 1558 151 1598 Narcissum
165 1560 191 1598 ab
204 1558 307 1609 epistulis,
320 1561 341 1596 et
354 1557 473 1596 Pallantem
487 1557 633 1607 arationibus,
648 1572 699 1609 quos

29 1630 112 1668 decreto
122 1641 204 1679 quoque
219 1635 302 1667 senatus
318 1640 360 1666 non
377 1628 476 1678 praemiis
493 1628 554 1666 modo
572 1627 698 1678 ingentibus,

29 1700 93 1738 sedet
101 1698 225 1748 quaestoriis
233 1697 385 1749 praetoriisque
392 1698 519 1736 ornamentis
526 1697 624 1736 honorari
632 1698 698 1738 libens

28 1782 102 1820 passus
113 1772 156 1818 est;
170 1772 254 1807 tantum
263 1771 371 1819 praeterea
383 1768 489 1817 acquirere
500 1771 520 1806 et
529 1780 608 1817 rapere,
618 1772 642 1806 ut
652 1781 699 1818 que-

28 1843 87 1878 rente
97 1851 121 1877 eo
131 1839 234 1889 quondam
245 1837 326 1885 depisci
336 1838 451 1886 exiguitate
462 1851 504 1876 non
516 1838 605 1876 absurde
620 1837 699 1876 dictum

8 1917 17 1946 5
29 1910 62 1958 sit,
72 1911 229 1956 estimantur-rau,
243 1911 261 1946 si
275 1922 289 1947 a
302 1910 379 1946 (11ιοῦ115
393 1909 468 1952 libertis
482 1910 504 1945 in
519 1910 639 1946 consortium
652 1911 699 1946 rcci-

25 1984 112 2028 pcrctun
133 1977 188 2027 His,
198 1981 222 2016 ut
234 1978 284 2027 dixi,
297 1976 439 2027 uxoribusque
453 1977 556 2024 addictus,
568 1989 610 2015 non
624 1976 699 2027 prinoi—
708 1981 733 2014 29
746 1996 748 1999 -

28 2076 82 2105 Ruled
89 2075 112 2112 by
179 2060 226 2098 pem
237 2060 264 2096 sc,
273 2047 310 2086 sed
317 2046 437 2086 ministrum
445 2047 494 2096 egit,
501 2036 625 2096 compendio
633 2046 699 2085 cuius-

28 2126 82 2155 wives
89 2125 122 2154 anu
180 2130 219 2168 que
238 2117 312 2156 horum
332 2116 365 2155 vel
383 2116 446 2155 etiam
466 2115 536 2156 studio
555 2119 591 2154 aut
611 2115 698 2155 libidine

28 2174 113 2205 freeumen
179 2187 274 2236 honores,
294 2186 403 2235 exercitus,
423 2186 566 2237 impunitates,
588 2186 698 2236 supplicia,

0 2268 5 2292 1
28 2256 116 2307 largitus
132 2260 170 2305 cst,
186 2260 207 2295 et
223 2257 307 2307 quidem
324 2256 416 2295 insciens
432 2256 555 2307 plerumque
570 2259 591 2294 et
606 2256 697 2305 ignarus.

28 2327 60 2366 Ac
75 2339 101 2365 ne
117 2326 241 2376 singillatim
257 2326 338 2364 minora
353 2338 434 2376 quoque
451 2337 575 2374 enumerem,
591 2329 698 2365 revocatas

28 2396 166 2436 liberalitates
180 2396 231 2446 eius,
246 2395 325 2434 iudicia
338 2395 432 2445 rescissa,
447 2394 566 2446 suppositos
582 2398 619 2434 aut
635 2395 698 2435 etiam
