1520 2600
28 134 55 177 82
79 145 98 179 o,
114 143 218 179 sourour
233 143 385 186 rauuourrm
401 144 434 178 Du
450 145 511 179 vira
526 145 661 179 cursurum

26 244 160 310 potissimum
177 261 204 299 ad
220 273 242 299 se
258 260 345 299 missum
360 260 420 311 quasi
434 260 461 299 ad
475 273 562 311 puerum
576 260 696 311 regendum,

26 330 77 368 adeo
87 336 111 368 ut
119 343 160 368 non
167 330 279 378 defuerint,
288 331 324 380 qui
331 330 439 369 traderent
446 331 607 381 praecipitatrun
615 322 697 382 quoque

26 400 49 439 in
61 399 145 450 flumen,
160 400 214 439 sicut
228 400 319 439 vestitus
333 400 452 439 advenerat.
481 401 552 451 Atque
565 413 591 439 ex
605 413 628 446 eo
640 414 698 439 num·

26 483 89 521 quam
99 484 139 510 non
153 471 175 509 in
189 475 263 509 senatu
276 471 404 509 novissimus
417 470 557 510 consularium
571 470 697 510 sententiam

5 541 87 591 edixit,
98 541 224 591 ignominiae
237 554 299 580 causa
308 544 356 592 post
370 542 437 580 omnis
450 541 597 591 interrogatus.
626 541 697 581 Etiam

26 612 117 662 cognitio
126 612 176 651 falsi
188 612 309 650 testamenti
319 615 403 662 recepta
412 615 449 661 est,
460 612 482 650 iu
494 625 535 663 quo
545 612 620 663 etipse
631 612 698 661 signa-

26 686 90 721 verat.
118 683 227 722 Postremo
242 682 362 721 sestertium
380 682 470 732 octogies
487 695 525 734 pro
541 682 630 721 introitu
647 682 697 721 n'ovi

27 753 137 792 sacerdotii
149 756 231 792 coactus
242 752 367 803 impendere,
379 753 406 791 ad
416 765 450 791 eas
460 752 491 791 rei
502 752 614 792 familiaris
624 765 697 803 angus-

25 823 66 862 tias
77 823 161 872 decidit,
171 827 195 861 nt
204 835 252 861 cum
265 823 379 872 obligatam
389 822 468 862 aerario
481 822 544 861 fidem
553 823 642 862 liberare
655 837 697 862 non

5 898 102 944 oposset,
117 894 140 931 in
156 906 244 932 vacuum
258 894 304 944 lege
319 893 460 945 praediatoria
475 893 556 933 venalis
573 894 697 944 pependerit

176 965 215 1003 snb
230 964 298 1003 edicto
308 964 468 1014 praefectorum
497 965 537 1002 Per
550 963 602 1003 haee
612 977 635 1003 ac
644 965 697 1003 talia
706 971 731 1003 10

176 1036 268 1074 maxima
283 1030 433 1085 aetatis'parte
446 1038 558 1083 transacta,
570 1035 696 1086 quinquage-

25 1107 78 1147 simo
85 1119 140 1146 anno
147 1106 259 1158 imperium
265 1105 321 1155 cepit
329 1104 465 1154 quantumvis
473 1104 565 1144 mirabili
573 1117 627 1144 casu.
656 1106 696 1144 Ex-

25 1178 96 1217 clusus
114 1178 170 1216 inter
188 1179 267 1215 ceteros
285 1175 310 1213 ab
327 1175 486 1214 insidiatoribus
504 1174 549 1223 Gai,
567 1188 620 1224 cum,
635 1176 696 1226 qnasi

4 1259 13 1287 5
25 1253 127 1288 secretum
136 1260 160 1287 eo
167 1246 305 1294 desiderante,
312 1245 395 1284 turbam
406 1246 558 1294 submoverent,
565 1246 588 1283 in
598 1245 694 1295 diaetam,

24 1319 58 1358 oui
72 1331 148 1357 nomen
160 1321 192 1356 est
202 1317 335 1365 Hermaeum,
350 1320 475 1365 recesserat,
488 1328 556 1366 neque
568 1316 634 1355 multo
647 1319 695 1367 post

24 1401 106 1428 rumore
114 1388 182 1428 caedis
193 1387 311 1434 exterritus,
319 1385 425 1437 prorepsit
432 1386 458 1424 ad
469 1386 567 1425 solarium
577 1387 695 1437 proximum

25 1460 120 1510 interque
134 1461 243 1509 praetenta
261 1456 344 1495 foribus
360 1456 407 1499 vela
424 1469 446 1495 se
463 1456 550 1506 abdidit.
584 1453 695 1496 Latentem

25 1530 143 1569 discurrens
152 1529 207 1567 forte
221 1527 327 1578 gregarius
339 1526 406 1576 miles,
417 1527 568 1567 animadversis
578 1527 672 1578 pedibus,
684 1539 694 1565 e

0 1611 13 1640 ὀ
25 1600 95 1640 studio
107 1598 228 1653 sciscitandi
241 1597 337 1648 quisnam
348 1601 409 1646 esset,
420 1597 526 1646 adgnovit,
537 1601 694 1649 extractumque

25 1675 46 1709 et
55 1683 104 1722 prae
114 1673 172 1708 metu
183 1669 209 1708 ad
219 1679 286 1719 genua
296 1667 336 1706 sibi
346 1667 475 1706 accidentem
485 1667 632 1718 imperatorem
642 1668 695 1707 salu-

25 1008 116 1039 Accession

23 1741 83 1780 tavit.
112 1740 169 1779 Hinc
182 1739 208 1778 ad
222 1738 273 1778 alios
287 1738 439 1777 commilitones
453 1738 576 1778 fluctuantis
589 1751 626 1778 nec
639 1739 695 1789 quic-

25 1824 88 1863 quam
102 1810 169 1849 adhuc
183 1822 245 1860 quam
259 1809 368 1848 frementis
381 1809 486 1860 perduxit.
515 1810 550 1848 Ab
562 1810 595 1849 his
608 1810 694 1849 lecticae

24 1882 135 1933 impositus
145 1884 172 1929 et,
181 1879 230 1930 quia
240 1879 273 1918 sui
283 1879 416 1929 diffugerant,
428 1880 519 1919 vicissim
532 1880 693 1920 succollantibus

4 1963 13 1992 5
23 1953 46 1990 in
58 1956 127 1991 castra
136 1950 218 1989 delatus
232 1953 264 1988 est
275 1950 343 1988 tristis
357 1962 381 1988 ao
395 1951 496 2001 trepidus,
507 1951 619 1990 miserante
633 1951 694 1990 obvia

23 2023 85 2061 turba
95 2021 155 2072 quasi
165 2021 192 2059 ad
201 2033 289 2071 poenam
299 2024 407 2071 raperetur
417 2020 494 2060 insons.
523 2022 628 2072 Receptus
638 2021 694 2060 intra

23 2093 108 2141 vallum,
128 2092 183 2130 inter
202 2091 300 2130 excubias
319 2091 411 2130 militum
429 2091 566 2142 pernoctavit,
586 2092 693 2143 aliquanto

6 2159 8 2162 ’
24 2164 103 2202 minore
117 2174 153 2212 spe
167 2174 229 2212 quam
242 2147 323 2201 fiducia.
352 2162 407 2200 Nam
420 2161 515 2201 consules
528 2174 576 2200 cum
586 2166 660 2201 senatu
673 2165 694 2200 et

24 2221 143 2272 cohortibus
162 2233 247 2271 urbanis
265 2232 334 2270 forum
351 2231 519 2282 Capitoliumque
536 2236 693 2284 occupaverant,
718 2220 720 2222 ¹

5 2315 9 2338 ι
24 2305 124 2344 asserturi
138 2314 268 2358 communem
283 2301 413 2351 libertatem,
428 2302 549 2352 accitusque
563 2305 584 2341 et
598 2302 643 2353 ipse
657 2315 694 2354 per

23 2377 119 2415 tribunos
134 2374 202 2425 plebis
215 2373 238 2411 in
251 2372 330 2411 curiam
343 2372 371 2411 ad
383 2372 490 2411 suadenda
501 2384 553 2422 qnae
566 2372 693 2419 viderentur,
735 2398 737 2405 ι

23 2450 44 2486 ci
53 2459 73 2485 sc
84 2452 101 2485 et
108 2446 222 2483 necessitate
232 2444 294 2480 teneri
302 2441 416 2492 respondit.
445 2442 522 2481 Verum
532 2446 616 2493 postero
626 2443 666 2492 die,
673 2446 694 2481 et
752 2442 756 2453 ”
