1520 2600
239 94 312 126 LIBER
328 94 362 127 ur.
397 93 518 126 meamus.
687 83 714 124 41

44 209 113 260 prime
131 221 219 259 vespera
237 212 300 259 atque
322 208 345 246 in
365 208 453 253 multam
475 211 557 246 noctem
579 206 714 258 pertinaciter

44 279 105 340 luxit.

10 361 34 394 75
70 350 139 395 Morte
149 349 194 389 eius
204 349 235 388 ita
244 349 334 389 laetatus
345 353 377 389 est
386 349 482 401 populus,
492 351 517 387 ut
527 348 553 387 ad
563 347 654 399 primum
663 360 715 386 nun-

44 422 96 460 tium
112 421 253 460 discurrentes
270 433 325 471 pars,
343 422 445 459 Tiberium
463 423 483 458 iu
500 419 601 457 Tiberim!
623 418 715 457 clamita-

45 493 97 538 rent,
113 502 161 541 pars
177 488 267 528 Terram*
277 493 365 529 matrem
380 490 470 540 deosque
489 490 562 527 Manes
724 502 734 530 5

45 563 134 608 orarent,
150 573 175 598 ce
191 565 270 598 ritmico
287 562 352 599 seuera
371 562 433 598 iillum
452 562 493 597 cisi
511 562 563 598 ‘mter
580 519 715 608 iGnegnZiaireriiibf

45 632 117 680 inquies
127 632 203 678 eicerent,
214 629 251 668 aiii
260 643 337 669 uncum
347 634 367 669 et
378 630 490 669 Gemonias
505 630 563 669 caila—
580 619 607 650 his
615 620 666 649 death

44 699 90 739 veri
103 699 239 748 minarentur,
255 699 372 739 exacerbati
391 712 453 751 super
472 701 593 738 memoriam
611 699 713 751 pristinae

45 769 175 809 crudelitatis
187 770 250 809 etiam
260 771 339 810 recenti
353 771 467 809 atrocitate.
496 771 551 820 Nam
567 783 612 809 oum
629 774 712 809 senatus

45 840 139 880 consulto
150 843 233 879 cautum
244 844 299 880 esset
308 845 332 879 ut
341 825 563 892 poenarlamnatoruin
572 840 595 879 in
610 841 713 879 decimum
724 849 743 878 10

45 924 126 962 semper
135 910 191 950 diem
202 911 327 960 differretur,
338 908 393 950 forte
403 911 480 950 accidit
489 915 513 950 ut
523 909 654 962 quorundam
668 924 714 962 sup

44 980 103 1032 plicii
113 981 157 1020 dies
167 981 186 1020 is
196 984 256 1031 esset,
268 994 309 1031 quo
317 981 438 1020 nuntiatum
450 982 475 1020 de
491 981 574 1020 Tiberio
589 984 639 1020 erat.
668 981 714 1021 Hos

44 1051 178 1102 implorantis
192 1051 300 1090 hominum
317 1051 385 1101 fidem,
401 1052 450 1102 quia
469 1052 554 1091 absente
574 1052 642 1091 acihuc
661 1048 714 1092 Gaio

44 1133 105 1159 nemo
114 1120 210 1159 exstabat
225 1119 260 1170 qui
275 1119 328 1158 adiri
343 1119 516 1170 interpellarique
526 1124 603 1170 posset,
611 1122 713 1170 custodes,

44 1191 134 1242 nequid
148 1191 248 1230 adversus
263 1182 515 1240 constitutum'tacerent,
530 1192 719 1241 strangulaverunt*
725 1198 744 1227 15

44 1261 204 1317 abieceruntque
215 1261 238 1299 in
248 1261 366 1300 Gemonias.
396 1260 468 1300 Crevit
478 1260 542 1311 igitur
557 1260 643 1311 invidia,
654 1262 714 1313 quasi

45 1331 108 1370 etiam
115 1335 163 1382 post
173 1335 261 1370 mortem
270 1328 357 1382 tyranni
366 1331 455 1370 saevitia
463 1335 604 1381 permanente.
633 1332 713 1383 corpus

44 1404 68 1446 ut
77 1401 156 1440 moveri
165 1414 178 1440 a
185 1400 267 1440 Miseno
278 1401 352 1452 coepit,
363 1401 540 1441 conclamantibus
550 1402 656 1453 plerisque
661 1403 715 1452 Atel-

45 1473 85 1509 lom
91 1473 160 1520 portus
170 1473 298 1520 deferendum
308 1477 326 1509 et
338 1473 359 1509 ia
373 1473 518 1521 erupbitueqtro
533 1474 712 1521 seritutstilccilum,

44 1541 133 1580 Romam
140 1553 177 1592 per
186 1540 265 1579 milites
276 1541 408 1591 deportatum
418 1544 455 1590 est,
464 1545 619 1593 crematumque
629 1542 713 1593 publico
724 1552 744 1581 20

44 1611 123 1649 funere.

10 1686 34 1721 76
71 1682 228 1721 Testamentum
243 1680 321 1731 duplex
335 1685 383 1720 ante
397 1681 505 1720 biennium
524 1682 609 1732 fecerat,
624 1683 714 1721 alterum

44 1763 87 1800 sua,
98 1750 187 1800 alterum
202 1751 272 1791 liberti
286 1763 355 1801 manu,
366 1752 402 1790 sed
417 1751 488 1790 eodem
503 1752 604 1802 exemplo,
619 1753 714 1803 obsigna

43 1824 144 1872 veratque
163 1822 226 1860 etiam
246 1821 411 1860 humillimorum
431 1821 502 1871 signis.
531 1822 562 1861 Eo
580 1865 653 1895 Hisvun

43 1894 170 1933 testamento
179 1892 266 1931 heredes
280 1892 351 1943 aequis
367 1892 461 1943 partibus
476 1892 563 1943 reliquit
724 1899 743 1928 25

45 1960 121 2000 Gaium
131 1974 157 2000 ex
167 1962 291 2002 Germanico
301 1966 322 2001 et
332 1962 439 2002 Tiberium
449 1975 475 2001 ex
484 1963 554 2001 Druso
564 1966 657 2012 nepotes,
669 1962 714 2000 sub

45 2033 155 2084 stituitque
165 2034 187 2073 in
197 2034 275 2083 vicem3
291 2034 349 2074 dedit
358 2039 379 2074 et
388 2035 458 2086 legata
471 2034 581 2086 plerisque,
592 2033 647 2072 inter
662 2045 713 2083 quos

45 2102 161 2153 virginibus
171 2105 298 2154 Vestalibus,
313 2106 349 2145 sed
364 2109 385 2159 et
398 2105 502 2143 militibus
515 2104 620 2143 universis
636 2104 713 2155 plebei-

45 2185 85 2223 que
103 2175 210 2214 Romanae
224 2174 310 2224 viritim,
330 2178 393 2226 atque
412 2174 476 2214 etiam
493 2174 606 2225 separatim
620 2174 713 2213 vicorum

45 2243 157 2293 magistris.
577 2253 579 2256 ⁴
725 2256 745 2285 30
