1520 2600
200 101 275 133 nrnma
290 101 322 133 rv.
359 100 378 133 c.
396 100 526 157 ornicum.
675 93 702 135 69

4 245 6 249 .
31 219 125 256 senserat
139 227 163 254 ac
177 214 266 254 subinde
279 215 305 253 de
320 226 403 254 secessu
418 214 484 265 deque
498 215 606 265 purgando
618 215 702 254 cerebro

31 285 136 335 cogitavit.
162 284 259 323 Creditur
265 284 386 334 potionatus
394 296 407 322 a
416 284 518 322 Caesonia
527 297 591 322 uxore
601 285 702 323 amatorio

31 355 116 406 quidem
123 354 280 401 medicamento,
288 354 324 392 sed
331 353 387 403 quod
396 352 419 391 in
426 353 518 392 furorem
526 354 619 393 verterit.
647 355 702 393 Inci-

31 426 115 464 tabatur
125 424 229 463 insomnia
239 423 341 473 maxime,
357 437 423 474 neque
435 423 492 462 enim
502 424 549 475 plus
560 438 623 475 quam
632 425 701 463 tribus

31 493 138 533 nocturnis
145 494 203 532 lroris
210 493 336 550 quiescebat,
343 506 366 532 ac
374 505 400 531 ne
408 493 435 531 iis
441 494 526 544 quidem
533 494 617 545 placida
624 495 700 545 quiete,
712 501 722 529 5

31 565 68 604 sed
77 564 155 615 pavida
167 563 226 603 miris
236 577 306 603 rerum
318 563 452 613 imaginibus,
463 567 489 602 ut
502 564 538 614 qui
553 564 609 603 inter
622 568 700 604 ceteras

30 634 100 685 pelagi
121 634 226 684 quondam
246 634 337 684 speciem
358 633 518 684 conloquentem
541 646 611 673 secum
629 635 701 673 videre

31 704 88 743 uisus
102 704 136 742 sit.
164 704 256 753 ideoque
271 715 346 752 magua
357 707 416 754 parte
428 704 496 742 noctis
506 703 591 753 vigiliae
604 704 701 742 cubandi-

31 786 71 824 que
81 773 150 812 taedio
159 785 215 811 nunc
224 777 270 812 toro
281 772 381 822 residens,
391 785 447 812 nunc
461 785 498 823 per
509 772 643 822 longissimas
656 787 702 825 por:

30 843 84 882 ticus
99 855 163 892 vagus
181 843 277 882 iuvocare
293 842 408 882 identidem
423 847 485 893 atque
500 847 619 894 exspectare
632 843 699 883 lucem
712 849 731 877 10

31 916 146 951 consuerat.
373 967 375 970 y

0 988 28 1019 1,
56 983 106 1022 Non
120 981 225 1022 immerito
238 982 315 1021 mentis
324 982 443 1021 valetudini
458 982 590 1022 attribuerim
605 983 701 1024 dirersis-

30 1053 84 1092 sima
97 1053 120 1091 iu
133 1054 206 1092 ecdem
218 1053 275 1103 vitia,
285 1066 387 1092 summam
401 1053 549 1092 confidentiam
566 1093 648 1131 Timidity

31 1126 51 1161 et
68 1127 139 1162 contra
155 1123 244 1161 nimium
261 1126 345 1161 metum.
374 1123 429 1162 Nam
447 1123 483 1173 qui
500 1124 548 1162 deos

30 1196 89 1231 tanto
102 1206 163 1244 opere
176 1197 322 1242 contemneret,
334 1194 360 1232 ad
374 1192 462 1231 minima
476 1194 569 1232 tonitrua
582 1197 602 1232 et
615 1193 729 1243 fulgurare

30 1263 130 1312 conivere,
143 1266 206 1314 caput
217 1262 333 1312 obvolvere,
347 1263 372 1302 ad
383 1275 431 1301 vero
443 1264 522 1302 maiora
533 1263 639 1315 proripere
652 1276 674 1303 se
688 1275 699 1302 e

30 1337 95 1372 strato
110 1334 148 1372 sub
166 1333 284 1383 lectumque
303 1333 390 1372 condere
410 1333 495 1372 solebat.
528 1333 699 1383 Peregrinatione

30 1402 114 1452 quidem
130 1403 235 1442 Siciliensi
249 1402 318 1442 irrisis
334 1402 423 1441 inultum
438 1403 530 1441 locorum
546 1403 659 1453 miraculis,
670 1416 700 1442 re-

29 1477 92 1522 pente
102 1486 114 1512 a
125 1474 223 1512 lllessana
233 1477 297 1512 noctu
306 1474 400 1523 profugit
409 1473 499 1512 Aetnaei
508 1473 594 1512 verticis
607 1474 666 1512 furno
676 1486 699 1513 ac

29 1555 134 1581 murmure
148 1544 277 1594 pavefactus.
302 1538 415 1583 ¹Aduersus
428 1544 527 1583 barbaros
535 1556 623 1594 rquoque
636 1545 700 1583 mina·
710 1550 729 1579 20
753 1593 756 1598 ἱ

29 1613 131 1662 cissimus,
142 1626 187 1652 curn
201 1617 259 1652 trans
273 1614 371 1651 Rhenum
384 1615 439 1651 inter
449 1614 556 1663 angustias
570 1614 699 1664 densumque

29 1694 103 1732 agmen
112 1683 152 1722 iter
162 1683 234 1736 essedo
242 1683 326 1733 iaceret,
336 1674 418 1722 dicente
426 1685 517 1734 quodam
524 1696 566 1722 non
574 1684 698 1723 mediocrem

29 1752 73 1791 fore
84 1754 272 1793 consternationem
281 1754 366 1793 sicunde
375 1754 441 1793 hostis
453 1758 558 1805 appareat,
567 1767 641 1805 equum
650 1755 699 1794 ilico

29 1824 149 1862 conscendit
159 1837 183 1863 ac
192 1837 279 1875 propere
289 1837 384 1864 reversus
392 1825 419 1870 ad
428 1829 509 1875 pontes,
517 1829 542 1863 ut
549 1837 584 1863 eos
592 1824 699 1864 calonibus

29 1896 50 1931 et
64 1894 220 1944 impedimentis
237 1896 325 1946 stipatos
341 1896 440 1946 repperit,
452 1895 564 1945 impatiens
579 1881 649 1933 morae
662 1908 699 1945 per
710 1902 729 1931 25

29 1975 102 2002 manus
119 1977 143 2002 ac
160 1977 222 2015 super
238 1965 308 2016 capita
322 1966 430 2004 hominurn
447 1966 562 2005 translatus
580 1968 615 2004 est
648 1965 699 2003 Mor

29 2034 93 2071 etiam
110 2035 182 2074 audita
198 2036 311 2075 rebellione
328 2036 458 2085 Germaniae,
476 2036 549 2086 fugam
566 2039 586 2074 et
606 2035 699 2074 subsidia

29 2103 91 2154 fugae
104 2105 181 2145 classes
196 2107 316 2157 apparabat,
329 2120 371 2145 uno
386 2108 463 2146 solacio
478 2107 620 2157 adquiescens,
634 2109 699 2145 trans-

29 2176 119 2214 marinas
137 2181 192 2215 certe
209 2177 249 2216 sibi
266 2177 411 2228 superfuturas
428 2177 554 2228 provincias,
572 2177 590 2215 si
609 2177 699 2215 victores

28 2243 114 2295 Alpium
130 2246 184 2296 iuga,
200 2251 224 2285 ut
239 2247 324 2296 Cimbri,
340 2247 375 2286 rel
392 2248 455 2286 etiarn
471 2248 550 2296 urbem,
564 2245 590 2285 'ut
607 2246 698 2285 Senones
710 2254 729 2283 ao

28 2315 139 2365 quondam,
159 2321 294 2367 occuparent3
317 2318 373 2357 unde
396 2317 456 2357 credo
478 2317 635 2369 percussoribus
654 2316 698 2355 eius

28 2388 101 2434 postea
110 2386 220 2425 consilium
230 2391 309 2436 natum,
318 2388 374 2438 apud
381 2388 534 2427 tumultuantes
544 2386 622 2426 milites
633 2399 700 2425 ernen-
