1520 2600
184 84 259 135 uranu
275 56 314 131 ru
342 84 361 117 c.
379 83 509 118 CALIGULA.
656 75 684 118 51

13 201 74 240 modo
84 200 107 239 in
116 199 239 239 recitatione
248 199 373 251 praeteritis.
402 200 434 239 Ut
445 198 511 238 leuior
523 198 581 238 labor
592 199 685 238 iudican-

12 271 69 311 tibus
77 271 138 320 foret,
146 269 173 309 acl
181 273 280 320 quattuor
290 269 366 320 prioris
376 269 471 320 quintam
481 269 587 308 decuriam
595 269 682 308 addidit.

13 340 134 393 Temptavit
144 345 165 379 et
175 340 306 379 comitiorum
317 353 374 379 more
385 343 481 378 revocato
494 340 595 389 sutfragia
606 340 684 390 populo

12 412 104 452 reddere.
131 411 211 460 Legata
218 423 243 449 ex
250 413 376 456 testamento
384 410 454 449 Tiberi
463 422 588 461 quamquam
598 410 683 460 abolito,

13 483 49 522 sed
61 485 83 521 et
95 481 162 520 Iuliae
174 482 289 530 Augustae,
299 480 356 531 quod
366 480 463 519 Tiberius
476 484 626 531 suppresserat,
637 493 683 519 cum
694 485 703 515 5

12 553 54 591 fide
62 565 85 591 ac
93 552 138 591 sine
146 551 251 591 calumnia
260 554 416 601 repraesentata
425 550 532 601 persolvit.
561 551 683 590 Ducentesi-

13 636 68 662 marn
91 621 210 661 auctionum
232 621 308 660 Italiae
329 621 423 671 remisit;
447 620 520 660 multis
539 621 683 660 incendiorum

13 694 89 733 damna
103 691 219 743 supplevit3
235 704 259 730 ac
272 691 290 730 si
303 691 378 742 quibus
392 704 456 741 regua
466 691 565 741 restituit,
576 691 652 731 adiecit
662 695 683 731 et

12 764 105 802 fructum
116 775 197 801 omnem
205 761 362 811 uectigaliorum
372 765 394 801 et
401 761 492 800 reditum
502 761 566 801 mcclii
575 762 682 813 temporis,

12 837 36 872 ut
50 832 155 871 Antiocho
170 832 308 882 Commageno
323 832 442 871 sestertium
457 816 526 871 milies
541 831 682 872 confiscatum.
694 840 713 869 10

12 903 98 953 Quoque
108 903 174 952 magis
184 902 264 941 nullius
274 915 316 941 non
325 901 375 941 boni
387 902 479 953 exempli
485 902 560 941 tautor
569 902 682 952 rideretur,

12 972 96 1012 mulieri
105 971 215 1011 libertinae
226 972 332 1022 octoginta
341 972 433 1021 donauit,
444 972 500 1022 quod
510 972 628 1011 excruciata
640 986 683 1022 gra-

12 1042 104 1082 vissimis
114 1041 226 1081 tormentis
236 1042 262 1081 de
270 1042 347 1082 scelere
356 1042 440 1093 patroni
449 1042 573 1082 reticuisset.
592 1043 646 1088 Quas
657 1034 682 1082 ob

12 1125 45 1152 res
59 1113 114 1151 inter
128 1111 219 1163 reliquos
232 1112 321 1152 honores
335 1113 429 1151 decretus
440 1115 472 1151 est
482 1112 501 1151 ei
511 1112 590 1162 clipeus
601 1124 682 1161 aureus,

13 1195 75 1233 quem
89 1181 201 1232 quotannis
216 1186 272 1221 certo
287 1182 321 1221 (lie
337 1182 426 1232 collegia
440 1183 570 1221 sacerdotum
585 1183 607 1220 in
624 1182 683 1232 Capi·
694 1188 713 1217 15

12 1252 86 1290 toliurn
99 1252 184 1301 ferrent,
200 1246 275 1291 senatu
289 1256 433 1303 prosequente,
449 1252 594 1302 nobilibusque
611 1253 682 1303 pueris

12 1334 36 1361 ac
45 1321 122 1372 puellis
132 1322 223 1360 carmine
233 1321 340 1361 modulato
353 1322 426 1361 laudes
440 1322 543 1360 uirtutum
556 1322 601 1361 eius
611 1335 683 1361 canen-

12 1391 74 1431 tibus.
103 1392 215 1430 Decretum
230 1395 300 1430 autem
313 1395 337 1430 ut
350 1392 401 1440 dies,
412 1404 453 1442 qno
463 1392 552 1441 cepisset
564 1392 681 1443 imperinm,

12 1461 92 1500 Parilia
111 1464 226 1510 vocaretur,
247 1461 306 1499 velut
326 1465 471 1510 argumentum
492 1474 564 1500 rursus
587 1462 682 1500 conditae

11 1531 75 1570 urbis.
475 1515 477 1518 .
587 1558 590 1564 .
693 1538 712 1567 m

39 1600 164 1640 Consulatus
181 1605 279 1651 quattuor
295 1601 365 1650 gessit,
380 1601 471 1652 primum
486 1613 511 1639 ex
526 1601 575 1639 Kal.
590 1601 630 1639 Iul.
646 1613 683 1652 per

13 1670 64 1709 duos
72 1682 160 1719 menses,
169 1671 282 1709 secundum
292 1684 318 1709 ex
327 1671 376 1708 Kal.
385 1670 430 1708 lan.
439 1683 476 1721 per
483 1683 526 1709 xxx
536 1671 588 1719 dies,
595 1670 683 1709 tertium

12 1740 107 1790 usquein
116 1740 227 1789 lduslan.,
235 1744 332 1790 quartum
342 1753 408 1790 usque
419 1740 531 1790 septimum
564 1792 568 1797 Δ

12 1809 63 1848 Idus
74 1810 161 1849 easdem.
190 1811 223 1848 Ex
234 1810 329 1849 omnibus
340 1810 392 1849 duos
405 1810 530 1850 novissimos
548 1792 651 1880 {gpcsmssffl'

12 1879 126 1918 coniunxit.
154 1880 249 1918 Tertium
265 1884 336 1919 autem
352 1880 466 1930 Luguduni
482 1880 531 1919 iniit
693 1889 712 1918 25

12 1949 75 1998 solus,
88 1962 131 1988 non
143 1953 167 1988 ut
182 1949 268 1999 quidam
281 1947 393 2001 opinantur
407 1950 504 2000 superbia
516 1949 682 2000 neglegentiam,

12 2018 48 2057 sed
67 2019 123 2069 quod
135 2016 264 2058 'defunctum
283 2020 322 2059 sub
341 2019 485 2059 Kalendarum
508 2020 563 2058 diem
582 2020 682 2070 collegam

11 2088 99 2127 rescisse
115 2090 191 2128 absens
207 2103 250 2128 non
268 2093 374 2141 potueram
400 2090 534 2139 Congiarium
553 2089 630 2141 populo
649 2090 682 2129 bis

12 2157 70 2197 dedit
83 2163 178 2199 trecenos
192 2160 307 2208 sestertios,
321 2160 400 2198 totiens
417 2160 620 2199 abundantissimum
635 2173 683 2211 epu-

11 2227 55 2266 lum
70 2230 152 2268 senatui
167 2229 299 2279 equestrique
314 2229 388 2278 ordini,
404 2229 466 2275 etiarn
481 2229 604 2278 coniugibus
619 2242 642 2268 ac
653 2230 682 2268 li·
693 2240 712 2270 to

11 2296 67 2337 beris
76 2301 223 2349 utrorumque3
238 2298 352 2349 posteriore
360 2298 422 2348 epulo
428 2298 521 2337 forensia
530 2298 616 2349 iusuper
623 2299 680 2348 uiris,

11 2366 97 2407 feminis
107 2380 131 2408 ao
140 2368 211 2419 pueris
219 2368 295 2408 fascias
305 2380 409 2419 purpurae
419 2380 443 2407 ac
450 2367 556 2420 conchylii
566 2368 680 2408 distribuit.
