1520 2600
199 146 274 179 arnna
290 147 313 181 v.
347 146 423 179 uirus
440 147 568 180 CLAUDIUS.
679 137 721 179 103

50 272 113 310 quarn
128 260 268 311 ineleganter,
288 260 338 300 itenr
356 260 457 300 Ciceronis
474 263 609 311 defensionem
625 263 721 300 sisino-sus

49 330 112 369 Asini
130 331 185 370 dcclii·
201 332 262 370 libros
279 331 331 370 satis
348 331 457 370 eruditam.
492 332 563 371 Novas
586 332 647 370 etiam
669 345 720 370 corn-

50 404 132 440 nreutus
158 404 190 440 est
215 401 297 440 titteras
321 405 370 450 tres,
390 414 414 440 ac
438 415 524 440 nurnero
545 406 639 441 veterum
660 403 719 453 quasi

49 471 140 510 inarime
158 442 287 511 aedessarias
307 472 400 522 addidit3
422 472 447 510 de
466 485 555 523 quarum
573 473 653 512 ratione
672 486 718 512 cuni

40 542 143 593 'privatus
163 542 231 581 adhuc
250 542 348 581 volumen
367 542 474 592 edidisset,
494 556 542 582 inor
561 543 658 594 princeps
677 555 739 584 nou5

49 611 160 651 difficulter
175 612 267 651 obtinuit
280 616 305 651 ut
320 612 342 651 in
358 625 398 651 usu
413 625 494 663 quoque
510 613 627 663 promiscuo
643 617 717 653 essent.

48 683 125 721 Exstat
135 682 186 721 taiis
197 670 302 733 scriptura
314 682 337 720 in
348 682 455 732 plerisque
467 682 527 722 libris
540 695 564 721 ac
577 683 657 722 diurnis
670 684 719 722 titu-

48 751 116 802 lisque
131 765 221 803 operum.

13 828 38 861 42
74 823 120 861 Nec
135 822 214 861 minore
231 835 280 863 cura
296 824 375 863 Graeca
391 823 461 861 studia
476 826 559 862 secutus
574 827 611 873 est,
627 837 718 879 ainorem

48 893 239 943 praestantiamque
249 893 333 942 linguae
343 893 450 931 occasione
458 893 514 931 ornni
524 890 568 943 pro-
729 903 748 931 10

585 922 622 951 Dev
642 922 667 952 'on

47 963 123 1002 fessus.
153 963 241 1002 Cuidam
256 963 343 1002 barbaro
358 962 437 1001 Graece
452 975 475 1001 ac
492 963 567 1002 Latine
585 923 646 1002 sardii1
646 924 704 1002 lucii-

48 1032 159 1071 disserenti
167 1032 218 1072 Oraia
225 1038 313 1082 utroque,
321 1032 396 1083 inquit,
403 1046 493 1071 sermone
500 1039 567 1072 nostro
584 1022 623 1051 ture

47 1105 75 1140 sis
90 1108 189 1151 pcerdtzis;
211 1106 232 1140 et
250 1103 273 1140 in
292 1102 457 1141 commendanda
477 1103 572 1153 patribus
593 1104 716 1154 conscriptis

47 1172 133 1221 Achaia,
143 1178 223 1222 predam
233 1175 272 1211 sibi
281 1175 409 1222 procinctum
420 1173 449 1211 ait
459 1163 594 1212 conuiuarum
604 1176 717 1213 stridicrura

48 1245 176 1290 conamereio;
191 1255 215 1280 ac
229 1255 290 1293 saepe
305 1243 328 1280 in
342 1246 416 1280 senatu
429 1243 504 1291 legatis
514 1247 615 1293 perpetua
625 1244 717 1283 oratione
728 1251 747 1279 15

47 1312 160 1362 respondit.
189 1312 282 1351 Multum
295 1325 345 1351 vero
359 1325 396 1362 pro
411 1312 512 1351 tribunati
525 1313 586 1351 etiarn
598 1314 716 1352 Homericis

47 1381 128 1420 locutus
141 1385 173 1421 est
182 1382 283 1421 versibus.
312 1382 412 1428 Quotiens
428 1382 512 1433 quidem
527 1383 608 1421 hostem
620 1383 654 1421 rel
668 1383 717 1422 insi-

48 1451 148 1489 diatorem
161 1451 219 1490 ultus
233 1455 293 1501 esset,
305 1451 421 1491 excubitori
434 1452 518 1490 tribuno
532 1452 614 1501 signum
625 1454 650 1491 de
660 1466 716 1492 ruore

47 1521 141 1570 poscenti
150 1534 193 1559 non
202 1525 279 1579 temere
289 1521 347 1560 aliud
358 1521 421 1570 dedit,
432 1533 505 1572 quarn:

129 1624 194 1676 ¹‘Avdp’
204 1626 338 1679 ἀπαμύνασθαι,
350 1626 381 1664 ὅτε
390 1642 418 1667 τις
428 1626 518 1677 πρότερος
527 1628 629 1679 χαλεπήνῃ.
727 1634 747 1662 20

73 1733 169 1783 Denique
188 1736 209 1772 et
228 1733 318 1773 Graecas
342 1733 426 1783 scripsit
448 1733 553 1783 historias,
573 1735 716 1786 Tyrrhenicon

47 1802 130 1852 viginti,
137 1803 318 1842 Carchedoniacon
328 1806 380 1842 octo.
407 1803 498 1849 Quarum
509 1816 570 1843 causa
579 1805 646 1843 reteri
654 1805 716 1844 Alex-

47 1872 132 1911 andriae
149 1856 223 1911 Museo
240 1873 363 1912 Claudieurn
382 1873 476 1911 additum
493 1874 602 1925 exipsius
619 1876 714 1926 nornine3

47 1941 210 1992 institutumque
222 1945 247 1980 ut
260 1943 372 1993 quotannis
385 1943 408 1980 in
422 1943 487 1981 altero
502 1944 646 1994 Tyrrhenicon
659 1946 715 1995 iibri,

46 2010 69 2048 in
84 2011 150 2050 altero
166 2012 347 2052 Carchedoniacon
363 2013 436 2052 diebus
452 2014 537 2053 statutis
549 2014 608 2053 velut
622 2015 644 2053 in
659 2016 716 2054 audi·
726 2024 745 2053 25

12 2089 37 2121 43
47 2080 100 2118 torio
110 2081 247 2120 recitarentur
257 2083 297 2121 toti
307 2096 319 2121 a
330 2082 418 2131 singulis
428 2096 465 2133 per
474 2084 536 2122 vices.

74 2150 117 2191 Sub
125 2151 183 2190 exitu
190 2153 246 2191 ritae
256 2153 316 2202 signa
324 2153 431 2204 quaedam,
440 2166 478 2192 nec
487 2154 580 2205 obscura,
588 2156 716 2206 paenitentis

48 2220 73 2258 de
90 2221 223 2261 matrimonio
240 2222 369 2274 Agrippinae
388 2223 455 2274 deque
473 2225 564 2264 Neronis
582 2253 707 2292 Repentsmss·

48 2290 158 2341 adoptione
169 2292 260 2331 dederat.
285 2293 398 2343 Siquidem,
407 2305 566 2333 commemoran-
582 2303 628 2341 riage
635 2302 679 2334 with

48 2360 105 2400 tibus
123 2361 206 2401 libertis
225 2362 401 2420 aciaudantibus
418 2363 564 2413 cognitionem,
582 2352 674 2391 Agfippina
727 2379 746 2408 30

48 2444 89 2481 qua
108 2431 176 2482 pridie
195 2433 299 2482 quandam
316 2432 415 2471 adulterii
432 2445 487 2471 ream
507 2434 661 2484 condemnarat,
678 2437 717 2474 sibi
