1520 2600
30 75 77 116 110
103 83 122 115 c.
139 82 243 114 sunroru
257 83 408 122 rnnuoumnr
421 83 454 114 nn
466 82 527 114 vnn
541 82 676 115 cassanum

34 196 122 248 puluino
132 210 153 236 se
163 197 282 247 proferente
293 196 417 236 conterritos
428 191 537 247 refugisse.
566 196 622 242 Quae
632 197 705 240 tabula

35 271 107 305 exorta
116 270 154 315 est,
165 267 273 318 deprensis
288 266 311 304 in
322 267 376 305 lecto
390 267 434 305 eius
449 267 526 305 circum
540 265 651 306 cervicalia
664 279 704 305 ser·
747 319 749 323 ,

34 336 102 388 pentis
113 336 206 385 exuviis3
222 349 273 387 quas
286 339 357 375 tamen
366 349 440 376 aureae
452 336 546 375 armillae
560 349 586 375 ex
595 337 703 375 voluntate

34 406 106 445 matris
125 406 216 445 inclusas
234 406 307 444 dextro
323 406 408 445 brachio
424 405 514 455 gestavit
531 406 665 457 aliquamdiu,
680 419 704 446 ac

13 483 23 512 5
33 476 103 515 taedio
113 476 198 515 taudem
208 480 314 515 maternae
325 477 436 515 memoriae
451 476 532 524 abiecit,
542 488 656 527 rursusque
670 489 704 515 ex-

34 546 106 585 tremis
117 546 160 585 suis
170 547 231 585 rebus
241 546 322 584 frustra
331 546 432 596 requisiit.

60 617 127 655 Tener
137 616 205 655 adhuc
215 617 304 655 necdum
313 619 396 655 matura
404 617 495 667 pueritia
505 616 634 664 circensibus
646 616 703 656 ludis
713 624 724 657 7

34 686 118 724 Troiam
127 686 297 725 constantissime
306 686 493 737 favorabiliterque
503 686 560 725 lusit.
586 686 703 726 Undecimo
714 716 716 718 v

34 756 108 795 aetatis
120 768 174 795 anno
186 769 199 795 a
209 756 296 795 Claudio
309 757 419 807 adoptatus
432 760 463 795 est
474 757 601 807 Annaeoque
613 756 703 795 Senecae

4 833 22 861 10
33 827 75 865 iam
85 830 136 864 tunc
143 826 235 864 senatori
245 826 268 864 in
278 825 411 876 disciplinam
421 826 519 865 traditus.
547 827 632 875 Ferunt,
644 826 704 865 Sene-

33 909 78 935 cam
92 895 188 947 proxima
203 899 264 934 nocte
280 895 349 934 visum
367 895 407 934 sibi
418 908 456 947 per
471 895 562 946 quietem
580 896 602 935 O.
619 896 703 935 Caesari

25 967 158 1017 «praecipere,
169 970 190 1004 et
201 965 263 1004 fidem
275 967 355 1005 somnio
368 966 425 1004 Nero
439 966 498 1004 brevi
506 966 564 1015 fecit,
574 967 658 1019 prodita
667 966 704 1004 im-

33 1036 135 1075 manitate
149 1039 237 1074 naturae
256 1036 331 1086 quibus
350 1036 441 1086 primum
460 1035 529 1086 potuit
548 1036 702 1086 experimentis.

33 1107 130 1156 Namque
139 1106 285 1144 Britannicum
299 1106 392 1154 fratrem,
406 1106 461 1156 quod
474 1119 496 1144 se
508 1112 557 1156 post
571 1106 703 1156 adoptionem

4 1186 22 1214 15
33 1173 179 1214 neliobem-enni
192 1188 217 1213 ex
234 1175 385 1231 consuetudine
402 1175 519 1223 salutasset,
533 1180 557 1213 ut
574 1175 703 1214 subditivum

34 1246 403 1296 apudpatremarguereconatusest.
425 1244 704 1296 Arnisamautemnepicam

34 1328 90 1355 ream
100 1314 221 1355 testimonio
231 1328 298 1354 coram
309 1314 389 1364 afflixit,
397 1314 516 1364 gratificans
525 1315 593 1364 matri,
602 1328 662 1366 aqua
669 1328 704 1354 rea

34 1387 171 1437 premebatur.

61 1457 168 1495 Deductus
179 1456 280 1494 inferum
291 1455 333 1495 tiro
342 1456 419 1507 populo
427 1455 562 1506 congiarium,
573 1456 637 1494 iniliti
644 1456 704 1494 olona·
724 1461 727 1466 '

4 1534 23 1563 ¹20
34 1527 102 1566 tivum
111 1525 226 1578 proposuit,
236 1526 357 1577 indictaque
372 1526 493 1565 decursione
508 1526 647 1576 praetorianis
662 1539 705 1565 scu-

28 1594 126 1677 'ffisy-outn
186 1600 232 1635 tum
243 1610 280 1636 sua
290 1610 353 1635 maun
366 1596 477 1647 praetulit3
493 1597 542 1634 euin
556 1596 617 1647 patri
626 1596 704 1647 gratias

164 1692 166 1694 -
187 1666 209 1705 in
229 1670 303 1706 senatu
322 1666 370 1717 egit.
401 1667 465 1717 Apud
487 1667 574 1705 eundem
599 1666 705 1706 consulein

35 1749 73 1788 pro
87 1736 253 1776 Bononiensibus
268 1737 349 1787 Latine,
360 1751 397 1788 pro
412 1737 501 1775 Rhodiis
516 1740 579 1787 atque
592 1737 705 1776 lliensibus
744 1782 746 1784 ¹

36 1807 115 1846 Graece
127 1808 191 1846 verba
206 1807 263 1846 fecit.
292 1808 420 1858 Auspicatus
437 1812 469 1846 est
486 1811 507 1846 et
523 1807 575 1846 iuris
592 1807 705 1846 dictionem

6 1887 25 1916 25
36 1877 155 1928 praefectus
172 1877 219 1917 urbi
236 1891 294 1917 sacro
310 1878 439 1927 Latinarum,
454 1877 593 1917 celeberrimis
612 1877 706 1928 patronis

36 1961 78 1986 non
90 1948 205 1988 tralaticias
219 1953 242 1987 ut
256 1949 333 1988 assolet
348 1953 369 1987 et
385 1950 460 1998 brevis,
472 1949 508 1988 sed
524 1948 626 1988 maximas
643 1948 706 1998 pluri-

37 2030 122 2068 masque
146 2018 297 2068 postulationes
321 2020 417 2058 certatim
440 2019 588 2070 ingerentibus,
611 2019 706 2070 quamuis

37 2089 173 2128 interdictum
183 2103 195 2128 a
205 2089 292 2129 Claudio
302 2094 362 2130 esset.
392 2092 437 2129 Nec
450 2091 516 2129 multo
530 2094 578 2141 post
588 2090 649 2129 duxit
658 2103 708 2129 nxc-

37 2171 81 2198 rem
96 2160 211 2209 Octauiam,
222 2160 330 2211 ediditque
344 2174 382 2212 pro
396 2161 471 2203 Claudi
486 2161 553 2200 salute
569 2161 671 2200 circenses
687 2165 708 2200 et

7 2239 27 2269 30
38 2230 175 2270 venationem.
415 2218 417 2221 ι

66 2301 217 2352 Septemdecim
228 2307 289 2341 natus
299 2314 370 2349 annos⁷
381 2306 405 2341 ut
415 2302 441 2341 de
451 2302 539 2342 Claudio
548 2302 618 2354 palam
628 2303 707 2341 factum
718 2308 730 2340 8

38 2374 76 2419 est,
83 2371 138 2410 inter
145 2371 218 2410 boram
229 2375 309 2410 sextam
319 2372 470 2423 septimamque
481 2372 582 2424 processit
592 2373 619 2411 ad
628 2372 709 2411 excubi-
