1520 2600
194 144 269 175 menn
285 144 307 176 v.
341 143 416 175 Divus
432 141 560 175 cudamus.
689 133 716 174 99

44 260 97 299 (lum
111 272 149 309 par
163 259 268 309 quoddam
282 237 362 297 mutius
378 257 456 296 ictibus
473 257 604 306 concidisset,
620 256 716 296 cultellos

45 329 85 368 sibi
99 329 198 380 parvrdos
213 341 238 367 ex
252 332 341 379 utroque
355 329 412 366 ferro
425 328 448 365 in
462 340 523 367 usum
537 327 583 365 fieri
597 327 642 366 sine
659 341 717 367 mora

44 400 112 439 iussit.
142 399 252 438 Bestiariis
265 398 428 448 meridianisque
440 398 491 436 adeo
502 397 651 447 delectabatur,
660 402 685 437 ut
695 403 716 438 et

43 470 112 521 prima
119 470 165 508 luce
173 469 200 519 all
208 468 349 520 spectaculum
357 468 493 507 descenderet
501 471 522 507 et
527 469 620 520 meridie,
628 469 715 509 dimisso

44 541 71 579 ad
87 539 198 592 prandium
215 538 298 590 populo,
316 539 441 590 persederet,
459 543 582 590 praeterque
599 539 736 583 destinatos5

44 612 107 659 etiam
121 611 163 650 levi
178 611 288 662 subitaque
303 610 328 649 de
342 622 405 649 causa
418 611 519 660 quosdam
533 611 678 660 committeret,
689 612 715 650 de

43 682 150 720 fabrorum
160 693 242 732 quoque
252 693 276 720 ac
285 681 429 720 ministrorum
440 684 502 731 atque
512 680 535 719 id
545 694 610 731 genus
621 694 714 731 numero,

43 752 61 792 si
71 755 201 810 automatum
209 753 243 792 vel
252 764 327 804 pegma
334 752 368 791 uel
378 751 430 803 quid
439 752 482 791 tale
492 751 550 791 aliud
559 765 633 803 parum
644 752 715 791 cessis-

43 827 81 862 set.
109 823 198 862 lnduxit
212 826 233 862 et
246 836 312 862 unum
327 835 352 861 ex
366 822 571 862 nomenculatoribus
586 823 635 871 suis,
650 822 679 861 sic
690 826 715 861 ut

43 896 186 943 erattogatus.
531 907 532 911 ¹
576 931 577 934 ,
644 919 647 922 -
726 904 745 934 10

8 975 32 1007 35
70 964 112 1003 Sed
120 963 175 1002 nihil
185 976 250 1015 aeque
258 974 322 1013 quam
331 963 451 1002 timidusac
459 963 556 1002 diffidens
565 963 614 1001 fuit.
636 962 714 1002 Primis

42 1033 126 1085 imperii
136 1033 209 1073 diebus
218 1046 350 1085 quamquam,
358 1037 383 1072 ut
393 1033 492 1083 diximus,
500 1014 714 1083 iactatorcivilitatis,

42 1117 109 1155 neque
119 1103 215 1153 convivia
224 1104 278 1143 inire
290 1116 353 1143 ausus
365 1107 397 1143 est
406 1103 449 1143 nisi
458 1107 482 1142 ut
493 1116 564 1155 specu-

42 1174 118 1215 latores
129 1173 177 1213 cum
185 1174 263 1214 lanceis
274 1174 433 1214 circumstarent
443 1174 563 1224 militesque
580 1160 662 1241 {iffitty
669 1160 702 1190 ³¹¹³

41 1245 87 1284 vice
96 1244 239 1284 ministrorum
250 1245 394 1295 iungerentur,
401 1257 468 1295 neque
478 1257 563 1295 aegrum
726 1256 745 1285 15

42 1327 167 1367 quemquam
182 1314 279 1355 visitavit
293 1315 335 1355 nisi
349 1315 457 1366 explorato
471 1315 530 1366 prius
545 1315 640 1354 cubiculo
655 1315 716 1354 culci-

42 1385 148 1436 tisqueet
165 1386 264 1436 stragulis
279 1385 439 1437 praetemptatis
457 1389 478 1424 et
494 1385 593 1424 excussis.
624 1384 715 1436 Reliquo

42 1459 114 1495 autem
121 1458 214 1507 tempore
223 1456 373 1496 salutatoribus
383 1459 507 1495 scrutatores
519 1468 600 1506 semper
610 1456 713 1507 apposuit,

42 1530 63 1565 et
79 1526 165 1577 quidem
178 1519 273 1566 omnibus
288 1530 309 1565 et
324 1526 473 1566 acerbissimos.
503 1527 552 1566 Sero
569 1526 625 1565 enim
640 1539 663 1566 ac
677 1527 714 1565 vix

43 1597 130 1646 remisit,
143 1609 169 1635 ne
182 1597 274 1636 feminae
288 1596 455 1648 praetextatique
469 1596 529 1648 pueri
544 1600 565 1636 et
577 1597 660 1648 puellae
670 1609 715 1635 con·
725 1611 745 1641 20

3 1665 5 1667 ’
42 1670 187 1716 trectarentur,
202 1671 223 1706 et
238 1680 264 1706 ne
279 1667 339 1707 cuius
355 1667 426 1707 comiti
440 1671 477 1706 aut
490 1667 576 1707 librario
591 1667 714 1707 calamariae

42 1741 79 1776 aut
96 1738 227 1788 graphiariae
245 1737 318 1777 thecae
336 1738 481 1777 adimerentur.
517 1739 576 1777 Motu
592 1737 651 1777 civili
667 1750 714 1776 cum

42 1820 90 1846 eum
107 1808 215 1858 Camillus,
231 1822 273 1848 uon
290 1809 389 1848 dubitans
406 1808 471 1847 etiam
487 1809 541 1847 citra
556 1808 634 1847 bellum
653 1821 715 1859 posse

42 1879 123 1929 terreri,
142 1880 293 1918 contumeliosa
312 1883 333 1918 et
352 1879 429 1917 minaci
448 1883 469 1917 et
488 1879 604 1918 contumaci
623 1878 715 1929 epistula

42 1949 115 1988 cedere
130 1948 217 2000 imperio
234 1949 316 1989 iuberet
331 1950 440 2000 vitamque
456 1949 543 1989 otiosam
558 1948 581 1987 in
594 1949 678 2000 privata
692 1961 714 1987 re
725 1965 744 1994 25

42 2031 109 2069 agere,
121 2007 231 2069 dubitavit,
244 2020 345 2059 adhibitis
360 2020 491 2071 principibus
502 2019 560 2068 viris,
571 2031 598 2058 an
612 2020 714 2070 obtempe-

8 2096 33 2129 36
43 2092 103 2128 raret.
133 2089 237 2135 Quasdam
247 2089 335 2129 insidias
345 2094 423 2129 temere
436 2090 516 2129 delatas
527 2089 582 2128 adeo
588 2088 680 2140 expavit,
690 2092 714 2127 ut

43 2158 145 2210 deponere
168 2159 279 2225 imperinm
302 2159 443 2211 temptaverit.
483 2159 582 2209 Quodam,
604 2163 628 2198 ut
651 2172 715 2211 supra

43 2229 122 2279 rettuli,
141 2241 188 2268 cum
207 2230 263 2268 ferro
286 2229 341 2269 circa
362 2229 514 2269 sacrificantem
533 2242 555 2269 se
579 2230 713 2285 deprehenso,

43 2304 138 2338 senatum
147 2312 185 2350 per
195 2310 404 2351 praecones'propere
414 2299 683 2350 convocavitlacrimisque
693 2304 714 2339 et
725 2317 744 2346 30

43 2369 194 2414 vociferatione
207 2370 318 2409 miseratus
333 2373 365 2409 est
380 2370 521 2409 condicionem
535 2382 599 2420 suam,
613 2370 646 2410 cui
660 2369 714 2412 nihil

43 2439 84 2477 tuti
98 2451 187 2489 usquam
200 2443 261 2488 esset,
271 2452 295 2478 ac
305 2439 341 2478 diu
354 2439 437 2491 publico
451 2440 558 2479 abstinuit.
587 2440 715 2480 Messalinae
751 2483 753 2485 ,
