1520 2600
37 157 64 199 98
88 166 107 199 o.
126 166 229 217 55115111
245 165 397 205 1111511111
413 166 447 197 51
461 166 522 198 viru
538 165 672 198 5115111111

64 280 167 320 Convivia
176 279 266 330 agitauit
276 283 296 318 et
306 279 376 331 ampla
385 283 406 319 et
415 280 506 329 assidua,
517 292 540 319 ac
552 280 596 319 fere
609 280 709 331 patentis·
718 289 743 323 32

37 350 97 389 5111115
116 350 167 389 15515
183 354 208 389 11
224 349 346 401 plerumque
366 350 446 389 sesceni
466 350 528 389 simul
547 349 707 389 discumberent.

36 464 123 503 Banquets
188 419 317 460 Conuiuatus
331 423 364 459 551
377 424 398 459 51
411 432 473 470 super
488 417 619 459 emissarium
633 420 708 459 Fucini

187 491 251 539 15515,
262 503 285 529 55
298 502 363 540 paene
378 503 567 539 51111151·515,51111
582 491 658 530 emissa
672 491 709 530 im-

15 573 25 602 5
36 565 86 611 patu
96 573 150 611 aqua
160 560 303 599 redundasset.
332 560 453 599 Adhibebat
463 561 518 599 omni
529 573 591 600 cenae
601 565 621 599 et
631 561 707 600 liberos

37 644 85 671 suos
98 643 144 669 cum
157 630 228 681 pneris
241 630 359 686 puellisque
369 630 480 679 nobilibus,
491 631 528 681 qui
538 643 594 670 more
602 635 671 670 vetere
681 632 708 670 ad

35 702 105 741 fulcra
127 702 229 740 lectorum
252 702 348 740 sedentes
367 706 505 742 vescerentur.
541 702 651 751 Convivae,
671 701 707 752 qui

36 772 104 823 pridie
118 771 219 823 scyphum
236 784 321 810 aureum
334 771 463 823 subripuisse
476 771 641 821 existimabatur,
651 784 708 811 revo-

36 847 82 882 5515
92 843 114 880 11
124 843 180 881 dienr
189 846 297 893 posterum
306 842 391 881 calicem
401 842 487 881 fictilem
497 843 600 893 apposuit.
616 873 620 881 .
637 873 641 881 .
657 873 661 881 .

6 926 25 954 10
64 913 110 952 Cibi
119 913 205 962 vinique
215 925 345 963 quocumque
355 916 376 951 et
385 917 479 963 tempore
490 916 511 951 et
524 913 569 951 loco
582 913 708 964 appetentis·
717 922 742 954 33

36 983 108 1033 simus,
125 995 250 1033 cognoscens
269 983 374 1033 quondam
391 983 414 1021 in
430 982 522 1033 Augusti
541 983 593 1033 foro,
610 983 707 1034 ictusque

186 1053 259 1092 nidore
268 1053 358 1105 prandii,
368 1053 423 1103 quod
433 1053 456 1091 in
465 1053 561 1104 proxima
570 1053 646 1093 Martis
656 1054 707 1092 aede

187 1124 251 1163 Saliis
259 1125 405 1175 apparabatur,
414 1124 496 1163 deserto
504 1124 606 1163 tribunali
613 1124 707 1164 ascendit

36 1195 62 1234 ad
81 1195 199 1234 sacerdotes
217 1207 301 1245 unaque
320 1194 423 1233 decubuit.
452 1195 497 1233 Nec
513 1198 591 1234 temere
607 1207 706 1246 umquam

6 1274 25 1303 15
35 1265 128 1304 triclinio
142 1264 243 1304 abscessit
257 1264 299 1304 11151
314 1265 418 1304 distentus
432 1277 456 1304 ac
467 1264 560 1314 madens,
571 1268 592 1304 et
600 1268 625 1303 11
636 1265 707 1324 statim

36 1335 112 1386 supino
126 1348 149 1374 55
164 1347 201 1386 per
215 1348 310 1387 somnum
324 1336 394 1374 hianti
408 1335 473 1385 pinna
487 1335 509 1373 in
524 1348 546 1374 55
560 1327 668 1390 inderetur
681 1335 707 1373 ad

36 1406 188 1445 exonerandum
205 1406 340 1445 stomachum.
371 1405 442 1445 Somni
457 1405 576 1444 brevissimi
590 1409 635 1444 erat
650 1406 707 1457 (nam

36 1480 85 1515 ante
94 1476 186 1515 mediam
195 1479 277 1516 noctem
287 1476 409 1527 plerumque
421 1476 544 1529 evigilabat)
556 1478 580 1514 ut
594 1479 664 1515 tamen
678 1475 707 1514 in-

36 1545 105 1585 terdiu
114 1558 268 1597 nonnumquam
276 1547 299 1584 in
307 1545 351 1585 iure
359 1546 447 1586 dicendo
455 1546 622 1597 obdormisceret,
629 1548 707 1598 vixque

6 1628 25 1657 20
36 1616 62 1655 ab
74 1615 180 1655 aduocatis
192 1616 218 1654 de
230 1615 337 1654 industria
349 1627 420 1653 vocem
435 1613 559 1663 augentibus
574 1612 705 1652 excitaretur.
724 1626 727 1629 ·

37 1717 42 1725 .
57 1717 61 1725 .
77 1717 81 1725 .
97 1686 172 1725 Aleam
191 1685 343 1725 studiosissime
362 1684 424 1734 lusit;
447 1684 473 1722 de
492 1683 550 1722 cuius
569 1687 614 1722 arte
630 1682 708 1722 librum

37 1768 119 1807 quoque
136 1755 216 1805 emisit3
239 1756 314 1794 solitus
331 1743 395 1793 etiam
411 1754 434 1792 in
451 1754 566 1804 gestatione
582 1753 660 1803 ludere,
677 1753 708 1791 ita

38 1827 111 1867 essedo
121 1826 220 1877 alveoque
230 1826 335 1877 adaptatis
344 1837 371 1864 ne
380 1824 439 1864 lusus
449 1824 618 1863 confunderetur.

36 1097 119 1136 Gluttony

65 1897 154 1936 Saevum
168 1899 188 1935 et
202 1896 359 1946 sanguinarium
374 1899 450 1934 natura
464 1894 536 1943 111555,
552 1893 633 1943 maguis
648 1893 709 1932 mini·
718 1902 743 1935 34

7 1968 120 2018 murisque
133 1967 230 2018 apparuit
241 1967 308 2005 rebus.
337 1967 450 2004 Tormenta
463 1964 611 2015 quaestionum
621 1976 709 2014 poenas-

188 2050 228 2088 que
236 2036 387 2087 parricidarurn
394 2021 564 2086 repraesentabat
571 2034 709 2084 exigebatque

190 2119 263 2146 coram.
302 2106 353 2146 Cum
373 2109 468 2157 spectare
486 2103 568 2155 antiqui
582 2090 645 2143 moris
663 2116 709 2154 sup

190 2177 276 2228 pliciurn
290 2176 364 2216 Tiburi
379 2175 516 2226 concupisset,
535 2178 556 2213 et
570 2174 667 2224 deligatis
682 2173 709 2212 ad

38 2248 108 2299 palum
119 2247 188 2286 noxiis
199 2246 293 2286 carnifex
306 2246 393 2295 deesset,
405 2245 494 2285 accitum
504 2245 531 2284 ab
540 2244 591 2284 urbe
600 2256 708 2295 vesperam

8 2330 104 2369 55151115
128 2317 220 2368 opperiri
242 2315 391 2367 perseuerauit¹
427 2315 561 2365 Quocumque
585 2313 709 2364 gladiatorio

36 2400 129 2445 ¹inuuere,
140 2387 174 2426 vel
184 2400 221 2426 suo
231 2387 265 2425 vel
275 2386 348 2435 alieno,
358 2386 422 2424 etiarn
432 2385 487 2424 forte
497 2385 606 2435 prolapsos
619 2383 709 2433 iugulari

39 2457 129 2508 iubebat,
140 2457 230 2496 maxime
240 2456 341 2506 retiarios,
351 2459 375 2493 ut
388 2454 529 2506 expirantium
543 2454 609 2493 facies
621 2449 708 2492 videret.

38 2090 145 2129 Sanguinary

38 2140 138 2180 disposition
