1520 2600
241 87 315 119 arnan
331 87 365 120 in.
400 68 522 122 risimus,
691 80 718 122 35

46 207 151 245 tormento
166 202 301 242 distenderet.
335 202 395 248 Quod
409 203 453 242 nisi
467 215 515 241 enm
530 206 552 242 et
565 215 621 243 mors
635 216 719 255 praeve-

46 275 113 315 nisset
126 277 147 313 et
159 272 284 325 Thrasyllus
296 273 397 323 consulto,
407 277 432 312 ut
441 273 507 323 aiunt,
518 273 603 312 differre
615 275 718 324 quaedam

47 357 83 397 spe
98 343 198 400 longioris
213 343 271 382 vitae
287 343 429 394 compulisset,
446 344 516 394 plures
534 343 643 394 aliquanto
660 356 719 384 neca-

45 419 105 454 turus
116 426 139 453 ao
148 426 175 452 ne
184 412 272 471 reliquis
286 413 371 464 quidem
382 413 493 465 nepotibus
506 426 606 464 parsurus
619 414 717 464 ereditur,

46 498 93 525 cum
109 488 131 523 et
147 483 224 524 Gaium
244 486 364 535 suspectum
383 483 475 533 haberet,
493 487 514 523 et
531 483 638 523 Tiberium
652 488 677 523 ut
692 495 738 525 0115

46 554 150 595 adulterio
160 557 282 605 conceptum
293 557 443 605 aspernaretur.
472 554 518 593 Nec
527 554 626 593 abhorret
636 567 648 593 a
657 567 719 604 vero,

15 678 21 685 .
45 637 136 676 namque
146 624 263 663 identidem
271 626 353 674 felicem
366 625 476 663 Paternum
488 625 639 674 concitarant
651 637 718 674 sarper-

46 702 84 735 stes
93 698 184 734 comma
194 707 277 749 suorum
292 698 400 734 astitisset.

11 772 36 805 63
72 766 136 811 Quam
147 764 202 803 inter
215 764 267 803 haec
279 777 322 803 non
331 765 393 803 modo
405 764 486 804 invisus
498 777 522 803 ac
532 764 669 820 detestabilis,
680 765 717 804 sed

45 835 190 887 praetrepidus
208 846 290 885 quoque
306 837 369 885 atque
386 834 450 873 etiam
466 833 598 873 contumeliis
615 834 716 873 obnoxius
728 843 747 872 10

45 905 128 954 vixerit,
140 904 207 943 multa
220 903 299 943 indicia
313 907 368 943 sunt.
397 903 526 954 Haruspices
542 907 621 942 secreto
633 916 657 943 ac
671 904 716 944 sine

44 975 134 1014 testibus
153 973 234 1013 consuli
251 974 325 1012 vetuit.
360 974 436 1013 Vicina
451 986 500 1012 vero
519 973 565 1012 urbi

45 1045 127 1084 oracula
135 1044 199 1083 etiam
205 1043 293 1083 disicere
301 1047 388 1083 conatus
399 1047 435 1093 est,
447 1044 483 1083 sed
492 1043 564 1083 maies-

44 1118 88 1154 tate
100 1113 284 1152 Praenestinarum
300 1113 388 1152 sortium
400 1113 487 1152 territus
502 1113 564 1152 desti-

44 1184 77 1233 tit,
92 1196 140 1222 cum
149 1183 270 1233 obsignatas
277 1182 423 1233 >deuectasque
434 1183 523 1221 Romam
535 1195 576 1221 non
589 1182 717 1233 repperisset
727 1187 755 1222 15'

44 1253 66 1291 in
76 1266 124 1292 arca
134 1252 176 1293 nisi
185 1252 253 1291 relata
261 1264 334 1291 rursus
344 1252 371 1291 ad
379 1252 488 1303 templum
517 1253 589 1291 Unum
596 1255 617 1291 et
627 1253 715 1291 alterum

44 1323 169 1372 consulares,
184 1322 261 1361 oblatis
275 1322 388 1372 provinciis
402 1334 445 1360 non
459 1334 522 1361 ausus
537 1334 550 1360 a
564 1334 585 1361 se
602 1322 714 1370 dimittere,

44 1404 110 1442 usque
123 1404 147 1431 eo
161 1390 259 1440 detinuit,
272 1391 338 1430 donec
353 1403 481 1430 successores
495 1394 543 1442 post
557 1390 638 1441 aliquot
651 1404 715 1430 annos

43 1461 188 1512 praesentibus
206 1461 276 1510 daret;
291 1472 338 1499 011111
356 1459 442 1499 interim
458 1464 555 1499 manente
573 1453 716 1499 officiititulo

44 1531 107 1569 etiam
121 1530 227 1580 delegaret
239 1529 331 1581 plurima
343 1529 432 1579 assidue,
443 1542 496 1580 quae
506 1530 540 1568 illi
552 1543 590 1581 per
602 1530 681 1579 legatos
695 1534 716 1569 et
726 1542 746 1571 ao

10 1604 35 1636 64
44 1600 149 1640 adiutores
163 1612 211 1639 suos
224 1600 358 1650 exsequenda
369 1603 471 1654 curarent.
500 1600 583 1638 Nurum
596 1612 620 1638 ac
629 1603 715 1650 nepotes

43 1682 158 1720 numquam
167 1668 229 1708 aliter
238 1672 286 1720 post
299 1669 454 1708 damnationem
464 1682 527 1719 quam
540 1672 647 1708 catenatos
657 1669 716 1708 obsu-

43 1741 106 1789 taque
117 1739 192 1777 lectica
203 1738 249 1777 loco
259 1737 331 1787 movit,
342 1737 455 1796 prohibitis
464 1751 502 1790 per
513 1738 603 1777 militem
615 1738 682 1777 obviis
691 1751 715 1777 ac

43 1807 158 1847 viatoribus
168 1807 270 1858 respicere
280 1813 368 1858 usquam
379 1808 413 1846 vel
422 1808 542 1847 consistere>
689 1801 690 1804 ¹

10 1880 34 1912 65
71 1877 169 1916 Seianum
179 1890 212 1916 res
221 1890 286 1917 novas
296 1877 424 1926 molientem,
434 1878 530 1928 quamvis
540 1877 583 1916 iam
592 1881 613 1916 et
622 1878 713 1916 natalem
725 1887 745 1916 ‘25

44 1946 88 1986 eius
98 1947 181 1997 publice
191 1947 291 2002 celebrari
299 1950 320 1985 et
329 1947 430 1997 imagines
438 1960 511 1986 aureas
521 1947 562 1985 coli
570 1948 650 1998 passim
659 1947 715 1985 vide-

44 2019 81 2064 ret,
90 2016 128 2055 vix
140 2017 224 2056 tandem
235 2020 257 2055 et
269 2019 317 2055 astu
326 2017 394 2066 magis
405 2029 429 2056 ac
439 2016 486 2056 dolo
500 2029 562 2067 quam

43 2086 156 2137 principali
162 2086 285 2126 auctoritate
292 2086 401 2126 subvertit.
427 2087 562 2138 Namprimo,
580 2069 677 2150 ξξὶξῗέοῗ

43 2158 68 2194 ut
82 2169 95 2195 a
109 2169 131 2196 se
143 2169 181 2208 per
191 2157 280 2208 speciem
291 2157 377 2196 honoris
390 2157 512 2205 dimitteret,
524 2157 563 2196 ool·
603 2129 609 2158 1

44 2224 112 2275 legam
127 2226 168 2266 sibi
183 2227 302 2277 adsumpsit
318 2227 341 2265 in
356 2227 430 2277 quinto
445 2227 560 2277 consulatu,
576 2239 639 2278 quem
652 2227 715 2278 longo
726 2240 745 2269 ao

43 2293 155 2335 intervallo
171 2297 245 2336 absens
261 2297 287 2335 ob
303 2298 326 2335 id
341 2298 410 2348 ipsum
428 2300 553 2348 susceperat.
581 2297 663 2336 Deinde
678 2310 715 2349 spe
743 2293 745 2295 ’

43 2363 152 2406 affinitatis
162 2378 186 2405 ac
195 2365 320 2406 tribuniciae
329 2367 440 2418 potestatis
451 2367 561 2422 deceptum
571 2366 714 2418 inopinantem

582 1027 612 1057 His
619 1027 665 1058 fears
673 1028 705 1057 and

581 1077 712 1115 apprehensione
