1520 2600
57 99 85 140 20
109 108 128 141 o.
146 108 250 141 suarem
265 109 418 150 rannonrurr
433 110 466 142 nn
480 110 541 143 vrrA
557 111 690 144 causarum

57 235 97 273 que
117 223 142 261 de
161 223 278 263 tribuendis
294 223 419 274 quibusdam
437 224 564 264 militaribus
580 225 640 265 donis
659 226 686 265 ad
705 239 727 265 se

56 293 165 342 referrent,
185 293 245 344 quasi
268 306 310 332 non
333 294 426 332 omnium
449 295 606 334 tribuendorum
629 296 671 346 ipsi
693 296 726 336 ius

56 363 163 402 haberent.
191 364 311 402 Praetorem
319 364 458 414 conlaudavit,
467 365 523 415 quod
532 365 609 404 honore
619 365 672 405 inito
682 379 727 405 con-

57 434 189 473 suetudinem
205 434 313 485 antiquam
329 434 437 474 retulisset
453 435 478 474 de
497 436 609 475 maioribus
629 436 672 476 snis
688 450 726 488 pro

35 511 45 541 5
57 503 152 543 contione
169 504 303 543 memorandi.
339 504 474 551 Quorundam
487 505 603 545 illustrium
616 507 725 557 exsequias

56 586 122 625 usque
132 574 159 613 ad
169 587 241 624 rogum
251 575 400 626 frequentavit.

83 646 158 683 Parem
167 645 331 683 moderationem
343 645 457 685 minoribns
468 659 550 697 qnoque
562 650 583 686 et
597 647 691 698 personis
705 652 726 686 et

55 712 117 754 rebus
141 715 242 754 exhibuit.
281 715 334 755 Cum
357 716 487 755 Rhodiorum
509 717 651 767 magistratus,
671 719 725 768 quod

55 785 137 825 litteras
161 785 256 836 publicas
280 785 325 825 sine
349 786 501 837 subscriptione
524 787 551 826 ad
575 799 597 827 se
619 787 724 837 dederant,

26 865 45 894 10
56 860 167 913 evocasset,
181 870 207 895 ne
221 857 285 896 verbo
300 857 385 908 quidem
399 857 514 897 insectatus
529 871 552 897 ac
567 861 649 897 tantum
664 860 725 898 inodo

55 927 122 966 iussos
138 926 267 965 subscribere
282 927 370 966 remisit.
398 928 503 977 Diogenes
518 928 671 978 grammaticus,
685 929 725 969 dis-

1 983 5 989 *
54 1001 128 1047 putare
147 996 238 1035 sabbatis
257 996 328 1035 Rhodi
347 991 428 1046 solitus,
447 998 566 1036 venientem
587 1011 641 1048 eum,
660 1002 684 1037 nt
702 1013 724 1039 se

55 1071 114 1106 extra
128 1066 221 1106 ordinem
238 1067 325 1117 audiret,
339 1080 382 1106 non
398 1068 511 1108 admiserat
527 1081 551 1108 ac
568 1082 604 1120 per
620 1070 724 1109 servolum

55 1150 115 1176 suurn
129 1137 152 1175 in
165 1137 278 1188 septimum
293 1136 348 1176 diem
363 1137 474 1177 distulerat
480 1154 486 1188 ,·
502 1138 559 1178 hunc
574 1140 658 1189 Romae,
672 1140 725 1179 salu-

24 1215 43 1244 15
54 1207 114 1247 tandi
132 1207 165 1247 sui
184 1220 246 1247 causa
264 1221 302 1258 pro
320 1208 401 1247 foribus
420 1209 544 1258 adstantem,
561 1209 615 1247 nihil
633 1210 723 1260 amplius

55 1290 117 1328 qnam
126 1281 150 1316 ut
159 1280 208 1328 post
218 1277 330 1328 septimum
344 1290 421 1316 annum
434 1270 512 1317 rediret
522 1279 635 1318 admonuit.
663 1280 724 1319 Prae-

54 1347 134 1387 sidibns
147 1347 262 1386 onerandas
273 1346 353 1386 tributo
366 1347 484 1399 provincias
495 1349 629 1388 suadentibus
639 1349 724 1400 resorip

54 1418 88 1467 sit,
99 1421 145 1457 berti
155 1420 245 1468 postoris
255 1431 295 1456 esse
305 1421 385 1457 tondere
396 1432 463 1468 ponens,
473 1432 514 1458 coa
524 1421 630 1470 deplobere.
698 1415 702 1420 ’

80 1488 186 1527 Paulatim
195 1487 312 1539 prinoipem
322 1488 420 1538 exseruit,
430 1489 578 1540 praestititque
592 1489 633 1529 etsi
642 1490 723 1529 varium
733 1497 758 1530 33

23 1562 126 1618 meracum
205 1558 246 1607 diu,
270 1559 430 1597 commodiorem
453 1563 525 1598 tamen
548 1559 630 1611 saepius
654 1564 675 1599 et
696 1562 723 1600 ad

54 1633 187 1672 assumptiones
204 1628 307 1668 utilitates
331 1629 425 1679 publicas
445 1629 568 1680 proniorem.
604 1629 635 1669 Ac
656 1631 723 1681 primo

54 1684 163 1726 sovereignty
205 1702 297 1737 eatenus,
314 1698 473 1748 interveniebat,
493 1711 519 1737 ne
543 1699 594 1749 quid
615 1712 723 1751 perperam

54 1766 118 1805 fieret.
142 1768 217 1818 itaque
225 1772 246 1807 et
254 1769 414 1808 constitutiones
425 1772 509 1808 senatus
519 1770 621 1819 quasdam
631 1770 722 1820 rescidit,

54 1840 75 1875 et
84 1838 242 1888 magistratibus
253 1852 291 1890 pro
304 1839 405 1879 tribunali
418 1839 590 1890 cognoscentibus
600 1840 723 1891 plerumque

9 1916 43 1949 .25
54 1919 76 1946 se
92 1908 190 1947 offerebat
206 1910 347 1949 consiliarium
362 1911 508 1962 assidebatque
523 1910 599 1949 iuxtim
613 1911 647 1950 vel
661 1912 723 1950 exad-

54 1990 137 2016 versum
146 1979 168 2017 in
179 1984 237 2030 parte
247 1981 344 2031 primori3
361 1985 382 2020 et
394 1983 412 2020 si
424 1995 487 2033 quem
497 1991 580 2021 reorum
591 1981 646 2021 elabi
656 1981 723 2032 gratia

54 2062 124 2087 rumor
137 2054 197 2100 esset,
209 2051 291 2091 subitus
303 2053 375 2091 aderat
387 2053 507 2104 iudicesque
520 2056 557 2091 aut
570 2052 653 2103 eplano
666 2056 723 2091 aute

54 2120 179 2169 quaesitoris
189 2122 290 2161 tribunali
299 2123 369 2173 legum
382 2127 403 2161 et
416 2123 523 2174 religionis
534 2127 555 2161 et
564 2135 636 2172 noxae,
647 2123 672 2162 de
683 2136 724 2173 qua

54 2195 206 2241 cognoscerent,
217 2193 352 2242 admonebat3
367 2196 431 2243 atque
441 2194 510 2242 etiam,
521 2194 539 2232 si
551 2207 592 2244 qna
601 2193 624 2232 in
633 2193 723 2244 publicis

23 2265 42 2295 30
53 2262 145 2300 moribus
162 2262 243 2302 desidia
258 2266 294 2301 aut
310 2262 366 2301 mala
382 2263 531 2301 consuetudine
547 2263 648 2312 labarent,
663 2263 724 2302 corri-

54 2332 121 2381 genda
127 2331 224 2382 suscepit.
244 2333 351 2371 Ludorum
357 2345 496 2371 acmunerum
503 2333 609 2383 impensas
615 2333 722 2384 corripuit,
733 2336 759 2369 34

53 2401 184 2440 mercedibus
199 2401 338 2441 scaenicorum
354 2402 427 2442 recisis
441 2402 567 2454 paribusque
584 2402 723 2453 gladiatorum
