1520 2600
55 100 98 142 rat
124 109 143 141 c.
159 108 263 141 sunrour
276 109 429 148 ruunournnr
441 109 475 141 nn
488 97 550 141 v'rrn
564 109 698 142 erasmum

54 223 193 274 Proserpinae
207 227 291 274 raptus,
309 227 405 262 votorum
419 224 581 274 nuncupatione,
597 236 671 274 magna
685 224 727 263 iam

55 293 152 331 ordinum
168 293 293 343 frequentia,
307 292 344 331 vix
356 297 450 344 repertae
463 293 553 344 Capitoli
567 293 641 332 claves.
675 293 727 333 Oum

55 363 186 402 exoratione
199 363 250 412 eius,
263 376 304 413 qua
317 363 340 401 in
350 363 461 403 Vindicem
475 364 591 414 perorabat,
603 364 727 403 recitaretur

54 433 77 471 in
96 437 175 481 senatu,
195 433 280 472 daturos
300 445 378 483 poenas
397 433 508 473 sceleratos
525 445 548 472 ac
565 433 623 473 brevi
639 433 727 484 dignum

2 525 5 529 ·
34 517 43 544 5
55 503 134 541 exitum
145 503 244 552 facturos,
253 496 405 542 conclamatum
412 506 444 543 est
452 503 477 542 ab
483 499 599 549 universis:
618 505 648 542 Tu
654 506 725 553 facies,

54 572 158 623 Aupustc!
182 572 321 612 Observatum
331 572 394 612 etiam
402 573 478 622 fuerat,
486 573 622 612 novissimam
632 573 727 612 fabulam

54 646 150 681 cantasse
166 655 212 681 eum
228 641 312 693 publice
326 641 454 693 Oedipodem
468 642 561 682 exsulem
574 646 637 693 atque
651 642 674 680 in
687 643 726 681 hoc

54 711 133 752 desisse
143 725 215 751 versu:

174 786 240 823 Θανεῖν
248 782 268 833 μ’
278 785 336 836 ἄνωγε
345 786 447 836 σύγγαμος,
458 784 526 835 μήτηρ,
536 784 603 834 πατήρ.

24 863 43 892 10
80 852 185 890 Nuntiata
201 851 287 890 interim
304 852 367 891 etiam
382 857 497 891 ceterorum
514 853 644 891 exercituum
660 854 759 891 defen-47

53 921 116 971 tione,
126 921 209 961 litteras
220 921 332 973 prandenti
342 921 382 961 sibi
392 921 485 961 redditas
499 922 621 973 concerpsit,
631 925 725 961 mensam

205 992 314 1039 snbvertit,
323 991 375 1030 duos
385 992 475 1042 scyphos
482 989 598 1041 gratissimi
607 1005 664 1041 usus,
673 1005 725 1043 quos

205 1061 318 1100 Homerios
342 1073 354 1100 a
372 1061 478 1100 caelatura
500 1061 615 1100 carminum
637 1062 725 1100 Homeri

97 1175 99 1177 ,
206 1132 298 1180 vocabat,
315 1132 359 1170 solo
375 1131 449 1180 inlisit,
467 1144 490 1170 ao
508 1136 592 1182 sumpto
608 1144 620 1171 a
635 1132 726 1171 Locusta

24 1214 42 1243 15
53 1213 133 1240 veneno
141 1205 162 1240 et
172 1201 195 1239 in
205 1213 289 1239 auream
301 1200 403 1251 pyxidem
416 1200 506 1250 condito,
519 1201 605 1240 transiit
618 1200 641 1239 in
653 1201 724 1240 hortos

54 1271 187 1320 Servilianos,
199 1270 240 1319 ubi,
251 1269 372 1321 praemissis
386 1269 510 1309 libertorum
522 1270 632 1310 fidissimis
644 1270 725 1310 Ostiam

54 1341 81 1380 ad
90 1341 178 1380 classem
192 1340 362 1391 praeparandam,
374 1339 469 1379 tribunos
483 1340 656 1391 centurionesque
669 1353 725 1392 prae-

53 1410 102 1450 torii
112 1411 138 1450 de
148 1411 210 1461 fugae
224 1409 324 1450 societate
335 1409 453 1461 temptavit.
483 1409 524 1449 Sed
538 1410 614 1461 partim
628 1410 726 1461 tergiver-

54 1481 154 1531 santibus,
170 1480 248 1532 partim
265 1483 336 1531 aperte
353 1479 523 1529 detrectantibus,
539 1493 580 1519 nuo
598 1468 645 1520 uero
662 1481 725 1519 etiam

23 1566 42 1595 20
53 1551 206 1603 proclamante:
234 1551 300 1600 Usque
318 1552 399 1589 >rorone
417 1552 469 1589 mori
487 1553 583 1589 irriserunt
601 1553 645 1590 est?
667 1553 725 1590 varie

53 1622 148 1672 agitavit,
156 1621 274 1661 Parthosne
283 1632 310 1660 an
318 1620 407 1661 Galbam
415 1620 504 1672 supplex
514 1624 600 1672 peteret,
609 1629 637 1660 arr
645 1624 725 1681 atrptus

52 1692 146 1743 prodiret
153 1692 175 1730 in
185 1691 293 1742 publicum
302 1703 382 1742 proque
388 1690 462 1730 rostris
470 1694 549 1742 quanta
556 1682 648 1730 maxima
654 1695 725 1742 posset

53 1762 187 1802 miseratione
196 1761 279 1801 reniam
289 1760 449 1813 praeteritorum
459 1765 584 1812 precaretur,
593 1773 616 1800 ae
626 1761 649 1799 ni
658 1761 725 1801 flexis-

53 1837 86 1872 set
95 1833 181 1881 animos,
193 1832 227 1871 vel
237 1831 331 1882 Aegypti
342 1830 496 1883 praefecturam
505 1831 591 1870 concedi
601 1831 641 1870 sibi
651 1835 724 1870 oraret.

23 1918 42 1947 25
53 1903 156 1943 Iuventus
176 1906 208 1942 est
226 1906 300 1954 postea
318 1902 341 1941 in
360 1901 437 1958 scrinio
456 1900 500 1940 eius
518 1900 557 1940 hae
576 1901 602 1940 de
618 1913 640 1940 re
658 1914 725 1941 sermo

53 1974 167 2023 formatus3
193 1974 230 2013 sed
248 1972 372 2019 deterritum
393 1967 475 2023 putant,
494 1984 521 2010 ne
540 1972 598 2023 prius
618 1970 680 2022 qnam
703 1971 726 2010 in

53 2045 123 2083 forum
137 2043 257 2095 perveniret
271 2042 429 2094 discerperetur.

82 2114 115 2153 Sic
131 2114 257 2164 cogitatione
272 2114 295 2152 in
310 2117 416 2165 posterum
433 2112 489 2151 diem
504 2113 576 2162 dilata,
592 2113 619 2152 ad
635 2112 726 2151 mediam

54 2186 99 2224 fere
114 2190 197 2225 noctem
216 2185 325 2233 excitatus,
342 2188 366 2223 ut
383 2171 484 2234 comperit
503 2183 615 2222 stationem
633 2182 725 2222 militum
745 2222 747 2224 .

24 2269 43 2300 30
53 2256 170 2305 recessisse,
186 2254 285 2307 prosiluit
301 2267 312 2293 e
328 2254 382 2293 lecto
398 2253 499 2303 misitque
514 2254 591 2291 circum
606 2253 689 2302 amicos,
705 2256 726 2291 et

55 2329 105 2380 qnia
120 2326 176 2366 nihil
192 2339 205 2365 a
220 2311 323 2376 quoquam
339 2324 505 2372 renuntiabatur,
524 2323 569 2374 ipse
588 2336 635 2362 cum
654 2323 725 2374 paucis

55 2398 149 2450 hospitia
162 2396 292 2446 singulorum
305 2394 364 2434 adiit.
393 2394 472 2434 Verum
485 2392 562 2432 clausis
575 2393 668 2432 omnium
678 2392 727 2431 fori-

53 1046 112 1078 Ncro’s
120 1046 176 1086 abiect

53 1098 124 1128 conduct
