1520 2600
208 112 286 168 amun*
298 111 331 145 rr.
365 112 384 145 o.
402 105 534 145 currenti.
682 102 709 144 59

39 227 137 265 devotum
156 225 239 266 assidue
257 225 365 277 proscidit.
408 226 509 265 infensus
531 226 605 265 turbae
628 225 710 265 faventi

38 297 139 341 adversus
158 296 251 335 studium
270 309 337 345 suum,
356 296 493 335 exclamavit:
524 297 606 336 mancam
621 297 710 345 poprdus

38 366 145 405 Roraoucs
154 378 217 404 uttam
226 368 320 405 ceruicem
330 367 422 405 liciter-ct!
439 365 533 416 Cumque
540 365 648 405 Tetrinius
655 366 710 404 latro

38 435 186 487 postularetur,
194 442 212 474 et
219 438 255 485 qrrr'
258 437 389 485 poeniterent,
400 437 499 474 retr-turos
507 430 548 474 esse
555 436 590 474 ait.
619 435 709 475 Retiarii

38 504 128 544 tunicati
142 505 234 556 quinque
248 518 335 543 nurnero
349 505 451 555 gregatim
466 504 590 545 dimicantes
606 505 651 544 sine
670 511 730 544 cer-5

38 575 117 614 tamine
124 575 168 613 ullo
175 575 264 614 totidem
272 574 400 614 secutoribus
409 575 572 625 succubuerant3
588 587 633 614 cum
643 575 710 614 occidi

38 646 165 694 iuberentur,
180 657 235 684 unus
254 649 361 696 resumpta
380 645 464 684 fuscina
484 658 555 684 omnes
572 646 662 685 victores
680 645 711 684 in-

38 715 135 755 teremit:
154 715 208 754 hanc
217 718 242 753 ut
251 715 417 754 crudelissimam
427 715 511 754 caedem
520 719 541 754 et
549 708 634 754 deflerit
641 715 710 755 edicto

4 792 28 825 31
39 790 61 826 et
70 798 110 835 eos,
121 786 158 836 qui
172 789 266 836 spectare
278 785 435 834 sustinuissent,
447 789 567 825 exsecratus
580 789 618 824 est.
647 786 710 831 Queri

39 856 103 895 etiam
117 855 188 906 palam
205 855 231 894 de
247 854 367 894 conditione
383 849 604 905 temporum'suorum
623 854 709 910 solebat,
721 860 740 889 10

39 925 95 977 quod
104 924 169 964 millis
176 923 331 964 calamitatibus
339 924 430 975 publicis
438 925 591 973 insignirentur
598 941 603 974 3
617 924 710 975 Augusti

38 995 184 1047 principatum·
194 995 253 1034 clade
262 995 360 1045 Variana,
375 994 447 1034 Tiberi
464 994 526 1034 ruina
545 994 709 1045 spectaculorum

38 1065 95 1115 apud
118 1065 209 1104 Fidenas
233 1065 391 1107 memorabilem
416 1065 502 1115 factum,
524 1077 562 1104 suo
583 1064 710 1103 oblivionem

38 1134 147 1173 imminere
162 1134 302 1186 prosperitate
318 1148 399 1185 rerum;
418 1138 482 1186 atque
501 1134 617 1173 identidem
634 1135 710 1173 exerci-

38 1208 98 1243 tuum
117 1204 196 1254 caedes,
220 1205 304 1260 famem,
323 1195 476 1256 pestilentiam,
500 1204 604 1254 incendia,
627 1203 709 1243 hiatum
721 1208 740 1238 15

38 1273 130 1324 aliquem
139 1278 206 1313 terrae
216 1275 308 1326 optabat.

4 1352 28 1385 32
64 1343 165 1383 Animum
180 1356 263 1395 quoque
277 1344 394 1385 remittenti
408 1344 500 1396 ludoque
515 1348 536 1384 et
550 1343 618 1396 epulis
638 1343 709 1383 dedito

38 1414 110 1453 eadem
119 1415 223 1454 factorum
231 1415 376 1466 dictorumque
384 1416 472 1455 saevitia
479 1416 556 1455 aderat.

39 1484 118 1535 Saepe·
113 1498 136 1523 in
145 1488 257 1536 conspectu
270 1485 393 1536 prandentis
403 1485 437 1524 vel
448 1486 558 1525 comissan
574 1468 667 1548 siff&

38 1554 66 1593 tis
76 1555 142 1594 seriae
152 1556 283 1605 quaestiones
295 1568 332 1606 per
342 1558 446 1595 tormenta
455 1556 558 1595 habeban-
720 1561 740 1591 2⁰

2 1643 4 1647 >
37 1627 78 1673 tur,
93 1624 153 1664 miles
171 1625 290 1664 decollandi
307 1625 386 1665 artifex
401 1621 595 1677 quibuscumquae
614 1625 710 1665 custodia

39 1685 108 1745 capita
124 1695 250 1745 amputabat,
279 1696 375 1735 Puteolis
396 1695 527 1735 dedicatione
548 1696 625 1747 pontis,
647 1709 709 1746 quem

38 1764 179 1814 excogitatum
190 1766 216 1805 ab
226 1778 249 1805 eo
259 1765 431 1816 significavimus,
441 1778 488 1804 curn
498 1765 576 1805 multos
586 1778 597 1804 e
608 1765 670 1804 litore
680 1765 710 1803 in-

38 1834 127 1874 vitasset
138 1835 164 1874 ad
178 1847 205 1884 se,
216 1837 302 1885 repente
315 1834 383 1873 omnis
396 1832 550 1885 praecipitarit,
561 1833 662 1884 quosdam
675 1846 709 1883 gu-

38 1904 150 1944 bernacula
168 1904 349 1956 apprehendentes
369 1904 436 1943 contis
456 1902 560 1954 remisque
579 1903 669 1942 detrusit
686 1903 708 1941 in
720 1909 739 1939 25

38 1987 100 2014 mare.
129 1976 208 2014 Romae
217 1975 301 2026 publ-ico
316 1974 378 2026 epulo
391 1987 474 2014 servum
488 1974 513 2012 ob
523 1974 639 2012 detractam
649 1973 709 2012 lectis

39 2048 157 2094 argenteam
167 2044 268 2084 laminam
278 2043 371 2084 carnifici
381 2043 492 2083 confestim
507 2042 602 2091 tradidit,
612 2046 636 2082 ut
646 2043 710 2102 mani-

39 2113 78 2153 bus
91 2115 179 2155 abscisis
190 2119 252 2166 atque
263 2118 311 2154 ante
323 2118 396 2166 pectus
410 2126 421 2153 e
434 2114 487 2153 collo
497 2113 643 2165 pendentibus,
653 2126 710 2164 prae-

39 2185 125 2225 cedente
138 2185 202 2225 titulo
190 2185 255 2237 oqui
272 2198 356 2225 causam
368 2197 447 2236 poenae
462 2184 571 2234 indicaret,
587 2197 625 2235 per
639 2188 709 2223 coetus

39 2256 168 2305 epulantium
177 2256 372 2295 circumduceretur
401 2255 579 2294 Murmillonenre
588 2254 644 2303 ludo,
655 2238 710 2292 rudi-
721 2262 740 2291 30

39 2323 78 2364 bus
88 2337 158 2365 secum
167 2314 298 2365 battuentem
305 2328 331 2365 et
337 2328 411 2377 sponte
420 2328 555 2377 prostratum,
566 2324 661 2364 confodit
670 2324 711 2362 fer-

27 2397 31 2403 “
39 2406 75 2433 rea
84 2395 127 2435 sica
133 2408 157 2435 ac
163 2407 219 2434 more
227 2395 329 2434 victorum
337 2407 384 2433 cum
391 2395 461 2446 palma
467 2394 599 2434 discucurrit.
618 2393 711 2433 Admota
