1520 2600
249 99 324 132 11111
339 98 373 132 111.
409 99 529 132 TIBERIUS.
713 92 726 133 3

56 229 82 256 ne
93 215 168 266 capitis
181 214 265 266 quidem
277 214 388 266 quisquam
401 200 448 254 reus
460 215 517 266 apud
529 214 631 266 populum
644 212 726 254 mutare

56 290 135 327 vestem
145 289 181 325 aut
191 284 297 336 deprecari
308 285 439 335 sustinuerit3
451 284 549 324 nonnulli
558 284 581 323 in
590 285 726 324 altercatione

56 362 77 397 et
90 356 159 406 iurgio
172 355 274 395 tribunos
284 355 341 407 plebi
356 355 493 407 pulsaverint.
521 356 592 394 Etiam
607 356 665 405 virgo
676 356 726 395 Ves-

55 428 105 468 talis
115 427 208 476 fratrem,
216 426 299 466 iniussu
308 426 381 477 populi
388 426 560 478 triumphantem,
569 438 654 466 ascenso
662 426 726 466 simul

56 512 123 548 curru,
133 510 199 548 usque
213 496 235 536 iu
250 496 378 548 Capitolium
392 500 503 548 prosecuta
517 500 554 547 est,
567 510 593 536 ne
605 500 676 536 vetare
689 501 725 536 aut
736 508 746 538 5

55 569 183 608 intercedere
192 568 226 607 fas
236 567 334 618 cuiquam
343 567 475 607 tribunorum
485 572 546 607 esset.

35 646 46 678 3
81 640 115 678 Ex
124 639 163 677 hac
175 638 240 689 stirpe
253 638 348 678 Tiberius
361 638 436 677 Caesar
450 650 514 688 genus
526 638 598 687 trahit,
609 642 630 677 et
641 638 725 689 quidem

55 714 178 760 utrumque:
198 712 309 759 paternum
327 721 340 747 a
356 708 439 747 Tiberio
456 709 545 757 Nerone,
563 712 680 747 maternum
699 709 725 748 ab

8 808 10 812 -
55 779 125 831 Appio
141 778 238 827 Pulchro,
255 779 291 829 qui
307 779 368 817 ambo
382 779 440 829 Appi
457 778 518 818 Caeci
533 778 574 817 tilii

56 850 147 895 fuerunt.
175 849 271 902 ,Insanus
281 852 313 888 ast
324 852 344 887 et
354 847 462 887 Liviorum
472 847 573 898 familiae,

32 944 34 949 ·
56 920 154 970 adoptato
164 919 186 957 iu
196 931 240 958 eam
251 922 396 957 maternoavo.
421 918 477 964 Quae
485 918 573 968 familia,

56 1001 182 1040 quamquam
194 986 282 1039 plebeia,
293 991 364 1028 tamen
376 989 455 1039 etipsa
467 988 578 1027 admodum
590 989 666 1038 floruit,
679 994 726 1028 octo

57 1059 205 1107 consulatibus,
215 1058 308 1097 censuris
318 1058 405 1107 duabus,
415 1057 529 1108 triumphis
538 1058 613 1108 tribus,
621 1059 726 1099 dictat-ura

57 1129 120 1168 etiam
134 1141 158 1168 ac
172 1128 293 1178 magisterio
307 1128 402 1179 equitum
415 1129 529 1178 honorata;
544 1128 601 1168 clara
610 1133 631 1168 et
640 1129 727 1180 iusigni-

51 1199 167 1248 boschis,
184 1211 208 1238 ao
224 1198 315 1237 maxime
331 1198 447 1237 Salinatore
465 1198 587 1250 Drusisque.
621 1199 726 1239 Salinator
737 1209 756 1239 15

56 1269 164 1308 universas
184 1268 252 1308 tribus
271 1268 294 1306 iu
312 1280 400 1307 censura
419 1268 502 1307 notavit
520 1260 614 1308 leuitatis
634 1270 725 1318 nomine,

57 1339 117 1389 quod,
133 1350 179 1377 cum
196 1351 218 1377 se
234 1341 282 1389 post
298 1338 388 1389 priorem
405 1338 536 1377 consulatum
552 1339 620 1378 multa
634 1339 726 1389 irrogata

57 1409 234 1458 condemnassent,
259 1408 365 1447 consulem
390 1408 467 1446 iterum
494 1420 641 1459 censoremque
666 1409 727 1448 fecis-

57 1483 108 1517 sent.
143 1479 231 1528 Drusus,
246 1468 340 1517 hostium
359 1477 410 1516 duce
428 1478 510 1517 Drauso
529 1478 644 1518 comminus
664 1479 737 1519 truci.

57 1549 111 1598 dato,
126 1548 166 1588 sibi
179 1548 310 1599 posterisque
325 1548 368 1587 suis
382 1560 496 1597 cognomen
510 1549 603 1590 invenit:
626 1550 727 1588 Traditur
737 1557 757 1587 ao

57 1618 120 1657 etiarn
131 1631 169 1669 pro
179 1621 275 1668 praetore
287 1630 312 1656 ex
323 1617 431 1668 provincia
443 1618 514 1657 Gallia
526 1618 634 1658 rettulisse
646 1632 725 1669 aarum,

58 1688 174 1727 Senonibus
185 1688 243 1726 olim
261 1687 284 1726 in
301 1687 409 1726 obsidione
428 1687 527 1738 Capitolii
546 1689 624 1738 datum,
639 1701 683 1738 nec,
702 1693 727 1728 ut

57 1758 114 1797 fama
121 1762 159 1807 est,
170 1760 275 1797 extortum
285 1769 298 1796 a
307 1757 401 1796 Camillo.
425 1757 477 1796 Eius
487 1758 583 1808 abnepos,
592 1759 618 1797 ob
628 1759 726 1798 eximiam

58 1828 156 1867 adversus
165 1827 269 1868 Gracchos
280 1825 362 1878 operam
372 1830 473 1878 patronus
481 1831 565 1867 senatus
576 1828 651 1878 dictus,
659 1829 727 1867 filium

58 1897 149 1947 reliquit,
160 1909 222 1948 quem
234 1897 257 1935 in
271 1896 337 1936 simili
351 1896 483 1945 dissensione
494 1897 562 1936 multa
573 1898 631 1937 varie
642 1899 727 1937 molien-
738 1908 757 1937 25

58 1969 99 2006 tem
110 1967 193 2006 diversa
202 1966 268 2006 factio
277 1979 314 2018 per
324 1966 420 2005 fraudem
429 1966 543 2006 interemit.

37 2044 49 2075 4
84 2037 148 2089 Pater
163 2037 240 2086 Tiberi,
256 2040 353 2087 quaestor
368 2037 389 2076 C.
406 2036 500 2075 Caesaris
513 2036 658 2083 Alexandrino
672 2039 727 2078 bello

59 2106 121 2146 classi
128 2106 266 2158 praepositus,
272 2106 386 2157 plurimum
393 2107 420 2145 ad
426 2106 535 2146 victoriam
543 2108 638 2148 contulit.
661 2110 728 2155 Quare

59 2179 80 2214 et
89 2177 186 2227 pontifex
193 2177 216 2215 in
225 2177 293 2215 locum
302 2177 327 2215 P.
335 2176 440 2227 Scipionis
448 2177 576 2217 substitutus
610 2224 614 2229 ,

60 2247 122 2285 etad
138 2247 269 2286 deducendas
286 2246 308 2285 iu
328 2246 420 2285 Galliam
438 2246 537 2297 colonias,
553 2247 575 2286 in
594 2222 689 2254 Hrsfathet

60 2315 106 2365 quis
115 2316 187 2356 Narbo
197 2320 218 2355 et
227 2316 313 2356 Arelate
322 2319 387 2366 erant,
398 2315 474 2356 missus
484 2320 522 2356 est.
550 2318 631 2357 Tamen
640 2318 729 2359 Caesare

60 2386 132 2436 occiso,
148 2386 229 2426 cunctis
244 2387 353 2426 turbarum
367 2389 425 2425 metu
443 2386 579 2426 abolitionem
594 2388 647 2427 facti
662 2389 730 2429 decer-

591 834 683 865 Aucestors
691 834 708 865 of

591 884 667 914 Tiberius
736 858 755 887 1⁰
