1520 2600
64 143 90 186 70
114 151 134 185 C.
150 151 254 185 SUETONI
269 150 422 191 TRANQUILLI
436 150 469 182 DE
486 150 547 183 VITA
562 150 697 183 CAESARUM

62 266 135 316 tiendi,
146 266 215 318 ipsum
230 265 270 304 sibi
284 278 358 305 manus
373 265 471 304 intulisse
485 265 560 304 nuntio
571 265 639 304 malae
651 278 733 317 pugnae

62 338 202 388 perterritum.

88 408 174 446 Vestitu
183 407 315 457 calciatuque
323 409 344 444 et
353 409 421 445 cetero
429 405 504 445 habitu
513 418 580 456 neque
587 406 655 457 patrio
664 419 732 457 neque
742 413 760 445 5’

62 517 92 547 His
100 516 169 554 apparel
214 476 277 525 civili,
286 489 310 515 ac
319 488 346 514 ne
353 475 411 515 virili
418 475 503 526 quidem
512 488 535 514 ac
546 476 635 526 denique
642 476 733 516 humano

41 551 51 579 5
214 558 295 596 semper
304 559 355 585 usus
366 549 403 584 est.
432 546 498 596 Saepe
509 545 602 595 depictas
612 551 733 595 gemmatas-

63 628 103 666 que
113 615 199 655 indutus
212 616 319 667 paenulas,
329 615 461 655 manuleatus
472 605 494 654 et
505 615 621 654 armillatus
633 616 656 654 in
666 617 734 667 publi-

62 698 109 724 cum
116 685 228 736 processit3
239 686 353 736 aliquando
360 685 460 725 sericatus
467 673 627 736 et'cycladatus3
638 699 662 725 ac
672 671 740 725 modo¹

62 755 86 793 iu
95 755 184 813 crepidis
191 756 226 795 uel
236 756 350 804 cothurnis,
358 756 419 793 modo
429 756 452 793 in
459 755 598 806 speculatoria
605 756 678 805 caliga,
684 769 733 795 non-

62 838 176 875 numquam
191 838 249 865 socco
261 826 369 875 muliebri3
389 825 511 876 plerumque
525 838 573 864 vero
588 838 650 865 aurea
663 826 732 875 barba,

33 902 52 931 10
63 895 145 933 fulmen
155 899 229 934 tenens
243 899 279 934 aut
295 895 400 934 fuscinam
412 898 449 934 aut
465 896 578 933 caduceum
593 895 689 947 [deorum
704 896 733 934 in-

26 982 31 987 ·
63 965 142 1018 signia]
157 969 220 1015 atque
234 965 297 1017 etiam
310 965 397 1004 Veneris
413 965 472 1004 cultu
487 969 610 1015 conspectus
622 969 659 1004 est.
689 966 733 1004 Tri-

62 1035 188 1085 umphalem·
202 1035 287 1085 quidem
307 1039 404 1081 ornatum
426 1034 490 1073 etiam
510 1038 559 1073 ante
578 1035 733 1085 expeditionem

63 1104 146 1143 assidue
156 1105 252 1154 gestavit,
263 1104 369 1143 interdum
379 1108 400 1142 et
413 1103 486 1153 Magni
498 1104 615 1143 Alexandri
626 1105 732 1144 thoracem

62 1174 176 1225 repetitum
186 1187 196 1213 e
207 1175 323 1213 conditorio
334 1175 384 1213 eius.

33 1251 52 1281 15
89 1245 122 1282 Ex
133 1243 251 1294 disciplinis
261 1243 382 1283 liberalibus
390 1243 502 1281 minimum
509 1243 629 1292 eruditioni,
638 1244 753 1294 eloquens

62 1314 105 1352 tiae
112 1313 226 1364 plurimum
232 1314 328 1362 attendit,
336 1313 471 1364 quantumvis
479 1312 582 1352 facundus
589 1316 610 1351 et
617 1317 732 1364 promptus,

215 1382 288 1433 utique
295 1383 313 1425 si
320 1382 459 1433 perorandum
465 1381 488 1420 in
494 1382 585 1433 aliquem
593 1387 653 1422 esset.
675 1383 733 1441 Irato

217 1457 238 1492 et
250 1454 313 1492 uerba
325 1456 345 1491 et
357 1453 472 1491 sententiae
488 1453 632 1503 suppetebant,
644 1466 734 1503 pronun-

216 1522 277 1562 tiatio
293 1535 374 1573 quoque
391 1525 412 1560 et
423 1535 470 1571 vox,
484 1526 508 1560 ut
523 1534 590 1573 neque
606 1523 677 1561 eodem
692 1523 734 1562 loci

33 1600 53 1629 ao
63 1606 113 1644 prae
123 1593 195 1631 ardore
207 1592 330 1632 consisteret
340 1595 361 1630 et
372 1591 505 1630 exaudiretur
515 1604 527 1630 a
536 1592 609 1642 procul
622 1593 732 1632 stantibus.

63 1663 206 1712 Peroraturus,
217 1655 333 1701 stricturum
347 1664 412 1700 selae
414 1664 525 1700 animationis
538 1668 615 1700 straete
598 1663 657 1701 telum
670 1662 734 1701 mina

63 1733 136 1782 batur;
158 1732 226 1771 lenius
246 1731 392 1783 comptiusque
412 1731 516 1770 scribendi
536 1743 600 1780 genus
619 1733 670 1770 adeo
689 1744 735 1771 con-

63 1807 165 1852 temnens,
171 1806 196 1841 ut
204 1803 304 1841 Senecam
310 1805 356 1840 tum
364 1800 454 1839 maxime
461 1800 577 1851 placentem
586 1804 735 1841 ccuzratssicacs

63 1440 144 1470 Devotion
151 1441 169 1470 to

63 1490 131 1528 oratory

64 1885 129 1911 citeras
148 1884 276 1922 componere,
296 1875 316 1910 et
337 1873 436 1910 Intremuit
455 1883 495 1909 esse
516 1873 559 1909 siae
578 1871 733 1911 cclce'diceret.

34 1951 53 1980 25
65 1942 149 1981 Solebat
166 1942 229 1980 etiam
246 1941 350 1992 prosperis
367 1944 472 1980 oratorum
488 1940 605 1980 actionibus
622 1941 735 1980 rescribere

65 2017 86 2050 et
100 2023 222 2062 magnorum
237 2012 260 2049 iu
277 2014 351 2050 senatu
369 2023 451 2049 reorum
470 2012 613 2070 accusationes
633 2011 735 2050 defensio

64 2094 142 2132 nesque
157 2081 255 2121 meditari
270 2094 299 2129 ac,
315 2084 378 2132 prout
397 2081 459 2119 stilus
478 2085 574 2130 cesserat,
593 2080 627 2119 vel
639 2064 735 2120 'onerare

66 2152 171 2190 sententia
188 2164 225 2190 sua
242 2162 345 2201 que-mque
361 2150 395 2189 vel
412 2150 527 2199 sublevare,
544 2150 637 2200 equestri
654 2163 736 2201 quoque

65 2222 137 2261 ordine
147 2222 174 2260 ad
184 2220 311 2260 audiendum
320 2220 411 2259 inritato
420 2233 457 2271 per
467 2220 540 2259 edicta.

35 2301 55 2330 ao
93 2292 134 2330 Sed
149 2296 170 2330 et
186 2291 273 2330 aliorum
288 2303 387 2341 generum
401 2295 456 2328 artes
471 2290 625 2329 studiosissime
637 2294 658 2329 et
671 2290 757 2329 diver-5

66 2361 160 2402 sissimas
175 2361 274 2400 exercuit.
303 2361 386 2399 Thraex
399 2363 420 2398 et
433 2358 511 2409 auriga,
525 2359 582 2398 idem
591 2363 663 2399 cantor
673 2363 736 2411 atque

67 2432 159 2481 saltator,
167 2431 277 2470 battuebat
286 2429 418 2481 pugnatoriis
428 2428 498 2478 armis,
509 2429 618 2479 aurigabat
631 2433 737 2469 exstructo
