1520 2600
262 135 337 167 arnnn
352 135 384 167 vr.
420 135 491 168 uano.
632 156 633 159 ¹
672 127 714 169 119

43 249 232 289 diversissimorum
239 253 357 301 temporum
363 253 417 299 sunt,
426 250 470 300 cogi
477 250 570 288 inunum
578 263 662 299 annum,
671 250 715 301 qui-

42 320 130 359 busdam
140 320 202 359 etiam
212 320 300 370 iteratis,
310 320 379 370 iussit,
390 325 411 359 et
418 320 529 372 Olympiae
539 333 621 372 quoque
630 326 713 372 praeter

42 377 214 429 consuetudinem
229 390 332 429 musicum
346 403 413 440 agona
431 391 542 430 commisit.
571 392 602 430 Ac
619 404 645 430 ne
662 392 714 442 quid

42 460 96 499 circa
106 461 156 499 haec
169 464 293 511 occupatum
305 464 402 500 avocaret
414 461 549 511 detineretve,
561 475 607 500 cum
619 475 713 513 praesen-

41 531 72 570 tia
86 531 130 570 eius
145 531 226 570 urbicas
241 544 273 570 res
288 543 348 581 egere
362 521 375 570 a
388 531 464 570 liberto
481 532 545 570 Helio
559 533 733 583 admoneretur,5

41 601 148 652 rescripsit
158 601 191 640 ms
202 601 282 641 verus:
515 587 517 592 ’

71 672 166 720 Quamvis
180 685 233 710 rutae
246 678 303 710 taam
316 675 421 711 consilium
436 676 463 711 sit
475 679 494 711 et
505 679 573 712 cotnra
585 676 674 712 celeriter
684 687 713 713 re-

40 745 136 791 ver-ttae,
150 748 216 781 tamea
228 745 312 781 suadere
328 748 346 780 et
361 749 428 792 optare
440 746 509 792 potins
524 746 712 793 comanitarum

41 815 113 864 stipans
122 818 215 851 reuertar.
536 858 537 861 Ἴ

67 883 170 922 Cantante
180 894 209 931 eo,
217 895 244 921 ne
254 883 372 922 necessaria
380 883 464 934 quidem
475 896 537 923 causa
547 885 645 923 excedere
655 885 712 924 thea
723 893 742 923 10

40 956 73 991 tro
82 952 164 991 licitum
174 955 212 991 est.
240 952 316 1003 ltaque
326 956 347 991 et
357 953 430 992 enixae
441 954 543 1004 quaedam
553 954 576 993 in
586 955 711 1006 spectaculis

40 1022 144 1071 dicuntur,
160 1026 181 1061 et
195 1022 257 1061 multi
273 1022 343 1061 taedio
358 1023 457 1061 audiendi
472 1023 619 1075 laudandique,
634 1025 710 1065 clausis

40 1093 163 1143 oppidorrun
182 1093 255 1143 portis,
275 1097 311 1131 aut
330 1093 405 1132 furtim
425 1093 535 1140 desiluisse
555 1095 581 1134 de
596 1109 656 1134 muro
674 1100 711 1134 aut

40 1167 106 1201 morte
117 1162 215 1202 simulata
224 1163 297 1202 funere
309 1163 365 1202 elati.
395 1163 461 1209 Quam
471 1168 541 1203 autem
551 1166 632 1216 trepide
642 1166 711 1205 anxie-

40 1245 80 1283 que
97 1232 213 1282 certauerit,
229 1237 308 1284 quanta
324 1234 490 1273 adversariorum
507 1236 652 1285 aemulatione,
670 1249 711 1287 quo
723 1245 741 1274 15

40 1307 98 1341 metu
107 1303 206 1353 iudicum,
214 1303 250 1341 vix
259 1304 315 1342 credi
325 1308 400 1355 potest.
428 1290 571 1355 Adversarios,
579 1306 639 1356 quasi
648 1307 711 1357 plane

40 1372 166 1412 condicionis
177 1372 276 1423 eiusdem,
285 1373 401 1424 observare,
412 1378 501 1425 captare,
512 1375 615 1414 infamare
625 1379 709 1426 secreto,

19 1429 22 1433 Δ
39 1457 195 1494 nonnumquam
210 1457 236 1482 ex
250 1457 335 1483 occursu
350 1444 468 1483 maledictis
482 1446 591 1494 incessere,
603 1458 626 1485 ac
641 1446 659 1485 si
674 1448 710 1497 qui

40 1517 83 1552 arte
100 1514 255 1564 praecellerent,
273 1510 406 1564 corrumpere
420 1514 484 1552 etiam
503 1514 588 1553 solebat.
626 1516 710 1555 ludices

40 1584 110 1621 autem
119 1581 177 1632 prius
188 1594 251 1632 quam
263 1581 364 1632 inciperet
374 1581 542 1620 reverentissime
553 1581 710 1632 alloquebatur,
721 1592 741 1622 20

40 1654 108 1690 onorata
123 1664 143 1689 se
154 1653 251 1701 faciendo
262 1653 340 1700 fecisse,
351 1653 385 1689 sed
402 1657 492 1689 eventura
505 1654 526 1689 ia
540 1664 604 1690 rauca
613 1664 653 1690 esse
663 1654 711 1691 Fot-

39 1728 113 1770 taaoe,
127 1723 172 1760 utos
180 1727 206 1767 at
221 1724 316 1771 sequteatts
331 1727 350 1759 et
359 1723 425 1760 doctos
438 1724 492 1760 ciros
503 1724 591 1771 fortuita
602 1724 670 1761 debera
681 1736 712 1761 ea

40 1794 130 1841 erudera·
149 1795 218 1842 atque,
233 1795 257 1830 ut
271 1792 358 1830 auderet
373 1791 513 1840 hortantibus,
529 1792 626 1842 aequiore
641 1792 711 1831 animo

39 1862 154 1919 recedebat,
168 1875 192 1901 ac
204 1875 231 1901 ne
244 1863 273 1902 sic
286 1863 371 1913 quidem
385 1862 430 1900 sine
444 1861 593 1910 sollicitudine,
603 1862 711 1900 taciturni-

40 1935 104 1971 tatem
120 1933 261 1984 pudoremque
276 1933 408 1984 quorundam
423 1945 460 1983 pro
475 1931 565 1970 tristitia
581 1935 602 1970 et
615 1931 711 1982 maligni·
722 1943 741 1973 25

5 2004 29 2037 24
41 2006 83 2041 tate
93 2015 182 2052 arguens
195 1999 343 2054 suspectosque
358 2003 398 2042 sibi
412 2002 489 2041 dicens.
518 2002 543 2039 In
554 2002 652 2040 certando
662 2014 711 2040 vero

39 2073 70 2112 ita
84 2073 126 2124 legi
141 2074 269 2124 oboediebat,
283 2079 308 2113 ut
322 2086 435 2125 numquam
451 2085 558 2130 exscreare
576 2100 606 2130 His
614 2101 707 2131 smmu-

40 2156 108 2193 ausus,
117 2144 214 2183 sudorem
224 2156 305 2195 quoque
313 2145 390 2183 frontis
398 2143 483 2183 brachio
493 2143 559 2182 deter-
575 2149 659 2180 formante
666 2151 684 2180 to

40 2219 108 2264 geret,
123 2219 186 2265 atque
199 2215 262 2253 etiam
274 2215 297 2253 in
308 2215 388 2265 tragico
400 2214 489 2265 quodam
504 2217 557 2263 actu,
575 2201 612 2230 ‘¹¹¹⁹

39 2297 86 2323 curn
100 2285 194 2335 elapsum
207 2285 304 2323 baculum
316 2284 358 2323 cito
371 2284 524 2334 resumpsisset,
535 2283 624 2335 pavidus
637 2284 659 2320 et
671 2294 711 2320 me·
722 2290 741 2320 30

39 2359 100 2394 tuens
113 2367 139 2393 ne
150 2355 283 2393 ob'delictum
293 2354 406 2393 certamine
416 2357 587 2402 summoveretur,
598 2366 639 2392 non
650 2352 711 2391 aliter

1 2432 2 2436 ’
40 2424 174 2463 confirmatus
189 2427 221 2463 est
234 2437 295 2475 quarn
309 2423 550 2474 adiurantehypocrita,
563 2436 604 2461 non
619 2423 712 2462 animad-
