<?xml version="1.0" encoding="UTF-8"?>
<!DOCTYPE html PUBLIC "-//W3C//DTD XHTML 1.0 Transitional//EN"
    "http://www.w3.org/TR/xhtml1/DTD/xhtml1-transitional.dtd">
<html xmlns="http://www.w3.org/1999/xhtml" xml:lang="en" lang="en">
 <head>
  <title>
</title>
<meta http-equiv="Content-Type" content="text/html;charset=utf-8" />
  <meta name='ocr-system' content='tesseract 3.04.00' />
  <meta name='ocr-capabilities' content='ocr_page ocr_carea ocr_par ocr_line ocrx_word'/>
</head>
<body>
  <div class='ocr_page' id='page_1' title='image "MN40042ucmf_5_0168.png"; bbox 0 0 1520 2600; ppageno 0'>
   <div class='ocr_carea' id='block_1_1' title="bbox 46 123 687 172">
    <p class='ocr_par' dir='ltr' id='par_1_1' title="bbox 46 123 687 172">
     <span class='ocr_line' id='line_1_1' title="bbox 46 123 687 172; baseline 0.002 -8"><span class='ocrx_word' id='word_1_1' title='bbox 46 123 88 165; x_wconf 78' lang='lat'>128</span> <span class='ocrx_word' id='word_1_2' title='bbox 114 132 133 164; x_wconf 88' lang='lat' dir='ltr'>c.</span> <span class='ocrx_word' id='word_1_3' title='bbox 148 130 252 164; x_wconf 86' lang='lat' dir='ltr'>sunroru</span> <span class='ocrx_word' id='word_1_4' title='bbox 266 131 418 172; x_wconf 76' lang='lat' dir='ltr'>rnnuournrr</span> <span class='ocrx_word' id='word_1_5' title='bbox 430 131 463 163; x_wconf 84' lang='lat' dir='ltr'>on</span> <span class='ocrx_word' id='word_1_6' title='bbox 478 131 538 164; x_wconf 83' lang='lat' dir='ltr'>vrrA</span> <span class='ocrx_word' id='word_1_7' title='bbox 552 131 687 165; x_wconf 75' lang='lat' dir='ltr'>cnnsnnuur</span> 
     </span>
    </p>
   </div>
   <div class='ocr_carea' id='block_1_2' title="bbox 45 245 716 298">
    <p class='ocr_par' dir='ltr' id='par_1_2' title="bbox 45 245 716 298">
     <span class='ocr_line' id='line_1_2' title="bbox 45 245 716 298; baseline 0.003 -15"><span class='ocrx_word' id='word_1_8' title='bbox 45 258 115 284; x_wconf 88' lang='lat' dir='ltr'>rerum</span> <span class='ocrx_word' id='word_1_9' title='bbox 127 245 239 284; x_wconf 85' lang='lat' dir='ltr'>interemit.</span> <span class='ocrx_word' id='word_1_10' title='bbox 274 245 377 285; x_wconf 76' lang='lat' dir='ltr'>Similiter</span> <span class='ocrx_word' id='word_1_11' title='bbox 390 249 469 285; x_wconf 90' lang='lat' dir='ltr'>ceteros</span> <span class='ocrx_word' id='word_1_12' title='bbox 483 249 519 285; x_wconf 88' lang='lat' dir='ltr'>aut</span> <span class='ocrx_word' id='word_1_13' title='bbox 531 245 633 285; x_wconf 82' lang='lat' dir='ltr'>affinitate</span> <span class='ocrx_word' id='word_1_14' title='bbox 644 246 716 298; x_wconf 83' lang='lat' dir='ltr'>aliqua</span> 
     </span>
    </p>
   </div>
   <div class='ocr_carea' id='block_1_3' title="bbox 9 315 751 2464">
    <p class='ocr_par' dir='ltr' id='par_1_3' title="bbox 9 315 751 2464">
     <span class='ocr_line' id='line_1_3' title="bbox 45 315 715 367; baseline 0 -13"><span class='ocrx_word' id='word_1_15' title='bbox 45 315 86 355; x_wconf 90' lang='lat' dir='ltr'>sibi</span> <span class='ocrx_word' id='word_1_16' title='bbox 107 319 144 354; x_wconf 82' lang='lat' dir='ltr'>aut</span> <span class='ocrx_word' id='word_1_17' title='bbox 163 315 321 367; x_wconf 87' lang='lat' dir='ltr'>propinquitate</span> <span class='ocrx_word' id='word_1_18' title='bbox 343 316 476 365; x_wconf 86' lang='lat' dir='ltr'>coniunctos;</span> <span class='ocrx_word' id='word_1_19' title='bbox 500 316 523 354; x_wconf 93' lang='lat' dir='ltr'>in</span> <span class='ocrx_word' id='word_1_20' title='bbox 541 315 616 366; x_wconf 82' lang='lat' dir='ltr'>quibus</span> <span class='ocrx_word' id='word_1_21' title='bbox 635 316 715 355; x_wconf 83' lang='lat' dir='ltr'>Aulum</span> 
     </span>
     <span class='ocr_line' id='line_1_4' title="bbox 45 385 715 452; baseline 0.003 -29"><span class='ocrx_word' id='word_1_22' title='bbox 45 413 140 452; x_wconf 78' lang='lat' dir='ltr'>cmeuyto</span> <span class='ocrx_word' id='word_1_23' title='bbox 196 385 303 424; x_wconf 85' lang='lat' dir='ltr'>Plautium</span> <span class='ocrx_word' id='word_1_24' title='bbox 316 385 419 434; x_wconf 75' lang='lat' dir='ltr'>iuvenem,</span> <span class='ocrx_word' id='word_1_25' title='bbox 431 397 493 436; x_wconf 86' lang='lat' dir='ltr'>quern</span> <span class='ocrx_word' id='word_1_26' title='bbox 507 398 554 424; x_wconf 87' lang='lat' dir='ltr'>curn</span> <span class='ocrx_word' id='word_1_27' title='bbox 567 389 615 424; x_wconf 84' lang='lat' dir='ltr'>ante</span> <span class='ocrx_word' id='word_1_28' title='bbox 627 389 715 425; x_wconf 89' lang='lat' dir='ltr'>mortem</span> 
     </span>
     <span class='ocr_line' id='line_1_5' title="bbox 44 455 716 507; baseline 0.006 -15"><span class='ocrx_word' id='word_1_29' title='bbox 44 463 125 493; x_wconf 66' lang='lat' dir='ltr'>relatives</span> <span class='ocrx_word' id='word_1_30' title='bbox 133 463 165 492; x_wconf 80' lang='lat' dir='ltr'>anu</span> <span class='ocrx_word' id='word_1_31' title='bbox 196 468 233 506; x_wconf 87' lang='lat' dir='ltr'>per</span> <span class='ocrx_word' id='word_1_32' title='bbox 242 455 285 493; x_wconf 76' lang='lat' dir='ltr'>rim</span> <span class='ocrx_word' id='word_1_33' title='bbox 292 459 456 506; x_wconf 87' lang='lat' dir='ltr'>conspurcasset‚</span> <span class='ocrx_word' id='word_1_34' title='bbox 464 457 507 494; x_wconf 84' lang='lat' dir='ltr'>Eut</span> <span class='ocrx_word' id='word_1_35' title='bbox 516 470 569 495; x_wconf 78' lang='lat' dir='ltr'>ruric</span> <span class='ocrx_word' id='word_1_36' title='bbox 576 456 646 507; x_wconf 83' lang='lat' dir='ltr'>inquit</span> <span class='ocrx_word' id='word_1_37' title='bbox 652 463 716 496; x_wconf 75' lang='lat' dir='ltr'>ruro-</span> 
     </span>
     <span class='ocr_line' id='line_1_6' title="bbox 24 514 715 569; baseline 0.003 -5"><span class='ocrx_word' id='word_1_38' title='bbox 24 541 33 569; x_wconf 85' lang='lat'>5</span> <span class='ocrx_word' id='word_1_39' title='bbox 44 515 62 543; x_wconf 52' lang='grc' dir='ltr'>ω</span> <span class='ocrx_word' id='word_1_40' title='bbox 69 514 126 543; x_wconf 49' lang='lat' dir='ltr'>⁰5¹⁶ss</span> <span class='ocrx_word' id='word_1_41' title='bbox 196 538 242 564; x_wconf 80' lang='lat' dir='ltr'>roeo</span> <span class='ocrx_word' id='word_1_42' title='bbox 254 532 272 564; x_wconf 82' lang='lat' dir='ltr'>er</span> <span class='ocrx_word' id='word_1_43' title='bbox 284 538 414 564; x_wconf 74' lang='lat' dir='ltr'><em>successorem</em></span> <span class='ocrx_word' id='word_1_44' title='bbox 426 538 493 565; x_wconf 75' lang='lat' dir='ltr'>rreum</span> <span class='ocrx_word' id='word_1_45' title='bbox 505 528 616 565; x_wconf 79' lang='lat' dir='ltr'>osculetur!</span> <span class='ocrx_word' id='word_1_46' title='bbox 634 527 715 567; x_wconf 81' lang='lat' dir='ltr'>iactans</span> 
     </span>
     <span class='ocr_line' id='line_1_7' title="bbox 45 595 715 647; baseline 0.003 -13"><span class='ocrx_word' id='word_1_47' title='bbox 45 596 145 635; x_wconf 83' lang='lat' dir='ltr'>dilectum</span> <span class='ocrx_word' id='word_1_48' title='bbox 153 596 178 635; x_wconf 87' lang='lat' dir='ltr'>ab</span> <span class='ocrx_word' id='word_1_49' title='bbox 186 599 239 634; x_wconf 84' lang='lat' dir='ltr'>caet</span> <span class='ocrx_word' id='word_1_50' title='bbox 246 595 274 634; x_wconf 89' lang='lat' dir='ltr'>ad</span> <span class='ocrx_word' id='word_1_51' title='bbox 283 608 342 646; x_wconf 85' lang='lat' dir='ltr'>spem</span> <span class='ocrx_word' id='word_1_52' title='bbox 351 595 436 646; x_wconf 83' lang='lat' dir='ltr'>imperii</span> <span class='ocrx_word' id='word_1_53' title='bbox 443 595 562 646; x_wconf 85' lang='lat' dir='ltr'>impulsum.</span> <span class='ocrx_word' id='word_1_54' title='bbox 591 596 715 647; x_wconf 78' lang='lat' dir='ltr'>Privignum</span> 
     </span>
     <span class='ocr_line' id='line_1_8' title="bbox 44 665 714 717; baseline 0.003 -13"><span class='ocrx_word' id='word_1_55' title='bbox 44 665 129 704; x_wconf 81' lang='lat' dir='ltr'>Rufium</span> <span class='ocrx_word' id='word_1_56' title='bbox 146 665 266 717; x_wconf 80' lang='lat' dir='ltr'><strong>Crispinum</strong></span> <span class='ocrx_word' id='word_1_57' title='bbox 283 666 381 716; x_wconf 83' lang='lat' dir='ltr'>Poppaea</span> <span class='ocrx_word' id='word_1_58' title='bbox 399 669 478 715; x_wconf 84' lang='lat' dir='ltr'>natum,</span> <span class='ocrx_word' id='word_1_59' title='bbox 495 666 624 717; x_wconf 73' lang='lat' dir='ltr'>impuberem</span> <span class='ocrx_word' id='word_1_60' title='bbox 641 667 714 717; x_wconf 77' lang='lat' dir='ltr'>adhuc,</span> 
     </span>
     <span class='ocr_line' id='line_1_9' title="bbox 45 735 715 787; baseline 0.003 -13"><span class='ocrx_word' id='word_1_61' title='bbox 45 736 95 787; x_wconf 81' lang='lat' dir='ltr'>quia</span> <span class='ocrx_word' id='word_1_62' title='bbox 112 736 220 775; x_wconf 79' lang='lat' dir='ltr'>ferebatur</span> <span class='ocrx_word' id='word_1_63' title='bbox 237 736 325 775; x_wconf 82' lang='lat' dir='ltr'>ducatus</span> <span class='ocrx_word' id='word_1_64' title='bbox 343 739 364 774; x_wconf 91' lang='lat' dir='ltr'>et</span> <span class='ocrx_word' id='word_1_65' title='bbox 380 735 469 787; x_wconf 83' lang='lat' dir='ltr'>imperia</span> <span class='ocrx_word' id='word_1_66' title='bbox 485 736 564 786; x_wconf 77' lang='lat' dir='ltr'>ludere,</span> <span class='ocrx_word' id='word_1_67' title='bbox 580 737 715 786; x_wconf 84' lang='lat' dir='ltr'>mergendum</span> 
     </span>
     <span class='ocr_line' id='line_1_10' title="bbox 44 805 715 864; baseline 0.003 -20"><span class='ocrx_word' id='word_1_68' title='bbox 44 806 104 855; x_wconf 83' lang='lat' dir='ltr'>mari,</span> <span class='ocrx_word' id='word_1_69' title='bbox 112 806 162 844; x_wconf 86' lang='lat' dir='ltr'>dum</span> <span class='ocrx_word' id='word_1_70' title='bbox 171 806 293 857; x_wconf 76' lang='lat' dir='ltr'>piscaretur,</span> <span class='ocrx_word' id='word_1_71' title='bbox 302 805 368 845; x_wconf 89' lang='lat' dir='ltr'>servis</span> <span class='ocrx_word' id='word_1_72' title='bbox 378 805 445 864; x_wconf 89' lang='lat' dir='ltr'>ipsius</span> <span class='ocrx_word' id='word_1_73' title='bbox 456 806 596 845; x_wconf 83' lang='lat' dir='ltr'>demandavit.</span> <span class='ocrx_word' id='word_1_74' title='bbox 624 808 715 847; x_wconf 75' lang='lat' dir='ltr'>Tuscum</span> 
     </span>
     <span class='ocr_line' id='line_1_11' title="bbox 15 876 716 933; baseline -0.001 -16"><span class='ocrx_word' id='word_1_75' title='bbox 15 889 34 918; x_wconf 87' lang='lat'>10</span> <span class='ocrx_word' id='word_1_76' title='bbox 44 876 133 915; x_wconf 88' lang='lat' dir='ltr'>nutricis</span> <span class='ocrx_word' id='word_1_77' title='bbox 148 876 216 915; x_wconf 86' lang='lat' dir='ltr'>filium</span> <span class='ocrx_word' id='word_1_78' title='bbox 231 876 339 926; x_wconf 77' lang='lat' dir='ltr'>relegavit,</span> <span class='ocrx_word' id='word_1_79' title='bbox 355 876 411 926; x_wconf 87' lang='lat' dir='ltr'>quod</span> <span class='ocrx_word' id='word_1_80' title='bbox 426 876 447 914; x_wconf 86' lang='lat' dir='ltr'>in</span> <span class='ocrx_word' id='word_1_81' title='bbox 463 877 608 927; x_wconf 70' lang='lat' dir='ltr'>procuratione</span> <span class='ocrx_word' id='word_1_82' title='bbox 622 877 716 933; x_wconf 74' lang='lat' dir='ltr'>Aegypti</span> 
     </span>
     <span class='ocr_line' id='line_1_12' title="bbox 44 945 715 986; baseline 0.001 -1"><span class='ocrx_word' id='word_1_83' title='bbox 44 946 133 986; x_wconf 79' lang='lat' dir='ltr'>balineis</span> <span class='ocrx_word' id='word_1_84' title='bbox 143 946 166 985; x_wconf 90' lang='lat' dir='ltr'>in</span> <span class='ocrx_word' id='word_1_85' title='bbox 175 947 288 985; x_wconf 80' lang='lat' dir='ltr'>adventurn</span> <span class='ocrx_word' id='word_1_86' title='bbox 299 959 360 984; x_wconf 85' lang='lat' dir='ltr'>suum</span> <span class='ocrx_word' id='word_1_87' title='bbox 372 945 483 985; x_wconf 85' lang='lat' dir='ltr'>exstructis</span> <span class='ocrx_word' id='word_1_88' title='bbox 494 946 586 985; x_wconf 86' lang='lat' dir='ltr'>lavisset.</span> <span class='ocrx_word' id='word_1_89' title='bbox 615 947 715 986; x_wconf 78' lang='lat' dir='ltr'>Senecam</span> 
     </span>
     <span class='ocr_line' id='line_1_13' title="bbox 44 1015 715 1068; baseline 0 -13"><span class='ocrx_word' id='word_1_90' title='bbox 44 1020 200 1068; x_wconf 79' lang='lat' dir='ltr'>praeceptorem</span> <span class='ocrx_word' id='word_1_91' title='bbox 216 1016 243 1055; x_wconf 84' lang='lat' dir='ltr'>ad</span> <span class='ocrx_word' id='word_1_92' title='bbox 259 1028 330 1054; x_wconf 80' lang='lat' dir='ltr'>necem</span> <span class='ocrx_word' id='word_1_93' title='bbox 347 1015 454 1066; x_wconf 73' lang='lat' dir='ltr'>compulit,</span> <span class='ocrx_word' id='word_1_94' title='bbox 472 1016 568 1066; x_wconf 85' lang='lat' dir='ltr'>qrramvis</span> <span class='ocrx_word' id='word_1_95' title='bbox 585 1029 647 1068; x_wconf 81' lang='lat' dir='ltr'>saepe</span> <span class='ocrx_word' id='word_1_96' title='bbox 663 1030 715 1056; x_wconf 88' lang='lat' dir='ltr'>com-</span> 
     </span>
     <span class='ocr_line' id='line_1_14' title="bbox 45 1085 716 1137; baseline 0.001 -12"><span class='ocrx_word' id='word_1_97' title='bbox 45 1091 137 1125; x_wconf 83' lang='lat' dir='ltr'>meatum</span> <span class='ocrx_word' id='word_1_98' title='bbox 150 1086 230 1137; x_wconf 89' lang='lat' dir='ltr'>petenti</span> <span class='ocrx_word' id='word_1_99' title='bbox 243 1085 345 1136; x_wconf 85' lang='lat' dir='ltr'>bonisque</span> <span class='ocrx_word' id='word_1_100' title='bbox 356 1085 439 1124; x_wconf 87' lang='lat' dir='ltr'>cedenti</span> <span class='ocrx_word' id='word_1_101' title='bbox 448 1090 556 1135; x_wconf 74' lang='lat' dir='ltr'>persancte</span> <span class='ocrx_word' id='word_1_102' title='bbox 566 1086 662 1135; x_wconf 82' lang='lat' dir='ltr'>iurasset,</span> <span class='ocrx_word' id='word_1_103' title='bbox 673 1100 716 1127; x_wconf 90' lang='lat' dir='ltr'>sus-</span> 
     </span>
     <span class='ocr_line' id='line_1_15' title="bbox 44 1155 714 1207; baseline 0 -12"><span class='ocrx_word' id='word_1_104' title='bbox 44 1160 128 1207; x_wconf 87' lang='lat' dir='ltr'>pecturn</span> <span class='ocrx_word' id='word_1_105' title='bbox 139 1168 160 1194; x_wconf 90' lang='lat' dir='ltr'>se</span> <span class='ocrx_word' id='word_1_106' title='bbox 170 1156 250 1194; x_wconf 79' lang='lat' dir='ltr'>frustra</span> <span class='ocrx_word' id='word_1_107' title='bbox 263 1155 421 1205; x_wconf 73' lang='lat' dir='ltr'>periturumque</span> <span class='ocrx_word' id='word_1_108' title='bbox 435 1155 505 1205; x_wconf 88' lang='lat' dir='ltr'>potius</span> <span class='ocrx_word' id='word_1_109' title='bbox 520 1168 583 1205; x_wconf 79' lang='lat' dir='ltr'>quarn</span> <span class='ocrx_word' id='word_1_110' title='bbox 597 1156 714 1195; x_wconf 86' lang='lat' dir='ltr'>nociturum</span> 
     </span>
     <span class='ocr_line' id='line_1_16' title="bbox 15 1219 716 1276; baseline -0.001 -10"><span class='ocrx_word' id='word_1_111' title='bbox 15 1237 33 1266; x_wconf 83' lang='lat'>15</span> <span class='ocrx_word' id='word_1_112' title='bbox 45 1226 69 1265; x_wconf 91' lang='lat' dir='ltr'>ei.</span> <span class='ocrx_word' id='word_1_113' title='bbox 98 1226 166 1264; x_wconf 87' lang='lat' dir='ltr'>Burro</span> <span class='ocrx_word' id='word_1_114' title='bbox 175 1225 281 1276; x_wconf 76' lang='lat' dir='ltr'>praefecto</span> <span class='ocrx_word' id='word_1_115' title='bbox 292 1224 406 1263; x_wconf 84' lang='lat' dir='ltr'>remedium</span> <span class='ocrx_word' id='word_1_116' title='bbox 419 1224 445 1263; x_wconf 82' lang='lat' dir='ltr'>ad</span> <span class='ocrx_word' id='word_1_117' title='bbox 457 1225 528 1264; x_wconf 77' lang='lat' dir='ltr'>fauces</span> <span class='ocrx_word' id='word_1_118' title='bbox 540 1225 653 1276; x_wconf 74' lang='lat' dir='ltr'>pollicitus,</span> <span class='ocrx_word' id='word_1_119' title='bbox 663 1219 716 1265; x_wconf 68' lang='lat' dir='ltr'>tori-</span> 
     </span>
     <span class='ocr_line' id='line_1_17' title="bbox 9 1294 715 1346; baseline 0 -11"><span class='ocrx_word' id='word_1_120' title='bbox 9 1305 11 1308; x_wconf 86' lang='grc'><strong>’</strong></span> <span class='ocrx_word' id='word_1_121' title='bbox 45 1309 92 1335; x_wconf 89' lang='lat' dir='ltr'>curn</span> <span class='ocrx_word' id='word_1_122' title='bbox 109 1295 173 1334; x_wconf 86' lang='lat' dir='ltr'>misit.</span> <span class='ocrx_word' id='word_1_123' title='bbox 202 1295 299 1333; x_wconf 81' lang='lat' dir='ltr'>Libertus</span> <span class='ocrx_word' id='word_1_124' title='bbox 316 1294 393 1333; x_wconf 88' lang='lat' dir='ltr'>divites</span> <span class='ocrx_word' id='word_1_125' title='bbox 409 1298 430 1333; x_wconf 88' lang='lat' dir='ltr'>et</span> <span class='ocrx_word' id='word_1_126' title='bbox 447 1307 513 1344; x_wconf 83' lang='lat' dir='ltr'>senes,</span> <span class='ocrx_word' id='word_1_127' title='bbox 529 1294 580 1333; x_wconf 86' lang='lat' dir='ltr'>olim</span> <span class='ocrx_word' id='word_1_128' title='bbox 597 1296 715 1346; x_wconf 86' lang='lat' dir='ltr'>adoptionis</span> 
     </span>
     <span class='ocr_line' id='line_1_18' title="bbox 44 1364 715 1417; baseline -0.001 -13"><span class='ocrx_word' id='word_1_129' title='bbox 44 1379 93 1416; x_wconf 77' lang='lat' dir='ltr'>rnpx</span> <span class='ocrx_word' id='word_1_130' title='bbox 107 1364 257 1417; x_wconf 67' lang='lat' dir='ltr'>dominationis</span> <span class='ocrx_word' id='word_1_131' title='bbox 272 1377 321 1403; x_wconf 82' lang='lat' dir='ltr'>suae</span> <span class='ocrx_word' id='word_1_132' title='bbox 335 1365 428 1403; x_wconf 73' lang='lat' dir='ltr'>fautores</span> <span class='ocrx_word' id='word_1_133' title='bbox 443 1369 506 1415; x_wconf 83' lang='lat' dir='ltr'>atque</span> <span class='ocrx_word' id='word_1_134' title='bbox 519 1368 616 1414; x_wconf 81' lang='lat' dir='ltr'>rectores,</span> <span class='ocrx_word' id='word_1_135' title='bbox 628 1378 715 1414; x_wconf 82' lang='lat' dir='ltr'>veneno,</span> 
     </span>
     <span class='ocr_line' id='line_1_19' title="bbox 45 1433 612 1487; baseline 0 -14"><span class='ocrx_word' id='word_1_136' title='bbox 45 1436 123 1487; x_wconf 75' lang='lat' dir='ltr'>partini</span> <span class='ocrx_word' id='word_1_137' title='bbox 132 1435 183 1474; x_wconf 87' lang='lat' dir='ltr'>cibis</span> <span class='ocrx_word' id='word_1_138' title='bbox 193 1434 272 1486; x_wconf 81' lang='lat' dir='ltr'>partim</span> <span class='ocrx_word' id='word_1_139' title='bbox 280 1433 401 1485; x_wconf 87' lang='lat' dir='ltr'>potionibus</span> <span class='ocrx_word' id='word_1_140' title='bbox 411 1433 484 1483; x_wconf 79' lang='lat' dir='ltr'>indito,</span> <span class='ocrx_word' id='word_1_141' title='bbox 495 1433 612 1485; x_wconf 85' lang='lat' dir='ltr'>intercepit.</span> 
     </span>
     <span class='ocr_line' id='line_1_20' title="bbox 21 1503 751 1553; baseline -0.004 -10"><span class='ocrx_word' id='word_1_142' title='bbox 21 1512 23 1515; x_wconf 87' lang='grc'><strong>’</strong></span> <span class='ocrx_word' id='word_1_143' title='bbox 72 1506 117 1544; x_wconf 82' lang='lat' dir='ltr'>Nec</span> <span class='ocrx_word' id='word_1_144' title='bbox 127 1505 206 1542; x_wconf 85' lang='lat' dir='ltr'>minore</span> <span class='ocrx_word' id='word_1_145' title='bbox 218 1504 307 1543; x_wconf 84' lang='lat' dir='ltr'>saevitia</span> <span class='ocrx_word' id='word_1_146' title='bbox 319 1504 372 1542; x_wconf 78' lang='lat' dir='ltr'>foris</span> <span class='ocrx_word' id='word_1_147' title='bbox 388 1507 409 1542; x_wconf 88' lang='lat' dir='ltr'>et</span> <span class='ocrx_word' id='word_1_148' title='bbox 422 1503 445 1541; x_wconf 89' lang='lat' dir='ltr'>in</span> <span class='ocrx_word' id='word_1_149' title='bbox 459 1508 541 1543; x_wconf 74' lang='lat' dir='ltr'>exteros</span> <span class='ocrx_word' id='word_1_150' title='bbox 556 1508 662 1553; x_wconf 81' lang='lat' dir='ltr'>grassatus</span> <span class='ocrx_word' id='word_1_151' title='bbox 677 1509 715 1545; x_wconf 90' lang='lat' dir='ltr'>est.</span> <span class='ocrx_word' id='word_1_152' title='bbox 726 1509 751 1541; x_wconf 84' lang='grc'>36</span> 
     </span>
     <span class='ocr_line' id='line_1_21' title="bbox 15 1573 717 1626; baseline -0.001 -11"><span class='ocrx_word' id='word_1_153' title='bbox 15 1587 34 1616; x_wconf 75' lang='lat' dir='ltr'>‘ro</span> <span class='ocrx_word' id='word_1_154' title='bbox 46 1575 113 1614; x_wconf 82' lang='lat' dir='ltr'>Stella</span> <span class='ocrx_word' id='word_1_155' title='bbox 122 1574 203 1622; x_wconf 81' lang='lat' dir='ltr'>crinita,</span> <span class='ocrx_word' id='word_1_156' title='bbox 214 1586 267 1624; x_wconf 84' lang='lat' dir='ltr'>quae</span> <span class='ocrx_word' id='word_1_157' title='bbox 280 1573 366 1612; x_wconf 85' lang='lat' dir='ltr'>summis</span> <span class='ocrx_word' id='word_1_158' title='bbox 379 1573 519 1624; x_wconf 81' lang='lat' dir='ltr'>potestatibus</span> <span class='ocrx_word' id='word_1_159' title='bbox 532 1574 620 1612; x_wconf 85' lang='lat' dir='ltr'>exitium</span> <span class='ocrx_word' id='word_1_160' title='bbox 634 1579 717 1626; x_wconf 87' lang='lat' dir='ltr'>porten-</span> 
     </span>
     <span class='ocr_line' id='line_1_22' title="bbox 45 1643 715 1695; baseline 0 -11"><span class='ocrx_word' id='word_1_161' title='bbox 45 1646 93 1684; x_wconf 88' lang='lat' dir='ltr'>dere</span> <span class='ocrx_word' id='word_1_162' title='bbox 106 1644 169 1694; x_wconf 83' lang='lat' dir='ltr'>vnlgo</span> <span class='ocrx_word' id='word_1_163' title='bbox 182 1647 274 1694; x_wconf 78' lang='lat' dir='ltr'>putatur,</span> <span class='ocrx_word' id='word_1_164' title='bbox 288 1655 325 1694; x_wconf 88' lang='lat' dir='ltr'>per</span> <span class='ocrx_word' id='word_1_165' title='bbox 340 1643 449 1682; x_wconf 88' lang='lat' dir='ltr'>continuas</span> <span class='ocrx_word' id='word_1_166' title='bbox 463 1647 534 1683; x_wconf 89' lang='lat' dir='ltr'>noctes</span> <span class='ocrx_word' id='word_1_167' title='bbox 549 1644 600 1681; x_wconf 88' lang='lat' dir='ltr'>oriri</span> <span class='ocrx_word' id='word_1_168' title='bbox 614 1649 715 1695; x_wconf 86' lang='lat' dir='ltr'>coeperat.</span> 
     </span>
     <span class='ocr_line' id='line_1_23' title="bbox 44 1703 724 1765; baseline 0 -12"><span class='ocrx_word' id='word_1_169' title='bbox 44 1714 128 1753; x_wconf 80' lang='lat' dir='ltr'>Anxius</span> <span class='ocrx_word' id='word_1_170' title='bbox 139 1726 163 1752; x_wconf 81' lang='lat' dir='ltr'>ea</span> <span class='ocrx_word' id='word_1_171' title='bbox 172 1726 200 1763; x_wconf 84' lang='lat' dir='ltr'>re,</span> <span class='ocrx_word' id='word_1_172' title='bbox 208 1717 232 1752; x_wconf 91' lang='lat' dir='ltr'>ut</span> <span class='ocrx_word' id='word_1_173' title='bbox 241 1726 268 1751; x_wconf 80' lang='lat' dir='ltr'>ex</span> <span class='ocrx_word' id='word_1_174' title='bbox 277 1712 369 1752; x_wconf 84' lang='lat' dir='ltr'>Balbillo</span> <span class='ocrx_word' id='word_1_175' title='bbox 379 1712 483 1763; x_wconf 82' lang='lat' dir='ltr'>astrologo</span> <span class='ocrx_word' id='word_1_176' title='bbox 494 1713 575 1762; x_wconf 75' lang='lat' dir='ltr'>didicit,</span> <span class='ocrx_word' id='word_1_177' title='bbox 584 1714 649 1753; x_wconf 87' lang='lat' dir='ltr'>solere</span> <span class='ocrx_word' id='word_1_178' title='bbox 657 1703 724 1765; x_wconf 27' lang='lat' dir='ltr'>reges*</span> 
     </span>
     <span class='ocr_line' id='line_1_24' title="bbox 45 1782 716 1834; baseline 0 -11"><span class='ocrx_word' id='word_1_179' title='bbox 45 1785 97 1824; x_wconf 80' lang='lat' dir='ltr'>talia</span> <span class='ocrx_word' id='word_1_180' title='bbox 111 1787 194 1823; x_wconf 79' lang='lat' dir='ltr'>ostentu</span> <span class='ocrx_word' id='word_1_181' title='bbox 208 1783 270 1822; x_wconf 79' lang='lat' dir='ltr'>caede</span> <span class='ocrx_word' id='word_1_182' title='bbox 285 1782 356 1834; x_wconf 80' lang='lat' dir='ltr'>aliqua</span> <span class='ocrx_word' id='word_1_183' title='bbox 368 1782 447 1822; x_wconf 87' lang='lat' dir='ltr'>illustri</span> <span class='ocrx_word' id='word_1_184' title='bbox 460 1783 545 1833; x_wconf 79' lang='lat' dir='ltr'>expiare</span> <span class='ocrx_word' id='word_1_185' title='bbox 556 1788 619 1834; x_wconf 86' lang='lat' dir='ltr'>atque</span> <span class='ocrx_word' id='word_1_186' title='bbox 629 1796 641 1823; x_wconf 87' lang='lat' dir='ltr'>a</span> <span class='ocrx_word' id='word_1_187' title='bbox 651 1789 716 1823; x_wconf 88' lang='lat' dir='ltr'>semet</span> 
     </span>
     <span class='ocr_line' id='line_1_25' title="bbox 45 1852 716 1905; baseline 0 -12"><span class='ocrx_word' id='word_1_188' title='bbox 45 1855 68 1893; x_wconf 87' lang='lat' dir='ltr'>in</span> <span class='ocrx_word' id='word_1_189' title='bbox 78 1854 147 1905; x_wconf 85' lang='lat' dir='ltr'>capita</span> <span class='ocrx_word' id='word_1_190' title='bbox 157 1866 265 1904; x_wconf 86' lang='lat' dir='ltr'>procennn</span> <span class='ocrx_word' id='word_1_191' title='bbox 276 1852 386 1903; x_wconf 80' lang='lat' dir='ltr'>depellere,</span> <span class='ocrx_word' id='word_1_192' title='bbox 396 1852 527 1891; x_wconf 84' lang='lat' dir='ltr'>nobilissimo</span> <span class='ocrx_word' id='word_1_193' title='bbox 540 1853 615 1903; x_wconf 87' lang='lat' dir='ltr'>cuique</span> <span class='ocrx_word' id='word_1_194' title='bbox 627 1854 716 1893; x_wconf 77' lang='lat' dir='ltr'>exitium</span> 
     </span>
     <span class='ocr_line' id='line_1_26' title="bbox 15 1922 716 1974; baseline -0.004 -10"><span class='ocrx_word' id='word_1_195' title='bbox 15 1935 34 1964; x_wconf 79' lang='lat'>25</span> <span class='ocrx_word' id='word_1_196' title='bbox 46 1923 172 1973; x_wconf 81' lang='lat' dir='ltr'>destinavit3</span> <span class='ocrx_word' id='word_1_197' title='bbox 193 1923 299 1962; x_wconf 80' lang='lat' dir='ltr'>enimvero</span> <span class='ocrx_word' id='word_1_198' title='bbox 316 1922 383 1961; x_wconf 81' lang='lat' dir='ltr'>inulto</span> <span class='ocrx_word' id='word_1_199' title='bbox 397 1922 464 1972; x_wconf 81' lang='lat' dir='ltr'>magis</span> <span class='ocrx_word' id='word_1_200' title='bbox 479 1926 500 1960; x_wconf 89' lang='lat' dir='ltr'>et</span> <span class='ocrx_word' id='word_1_201' title='bbox 514 1923 574 1973; x_wconf 83' lang='lat' dir='ltr'>quasi</span> <span class='ocrx_word' id='word_1_202' title='bbox 587 1936 624 1974; x_wconf 88' lang='lat' dir='ltr'>per</span> <span class='ocrx_word' id='word_1_203' title='bbox 638 1924 716 1963; x_wconf 85' lang='lat' dir='ltr'>iustam</span> 
     </span>
     <span class='ocr_line' id='line_1_27' title="bbox 45 1992 716 2045; baseline -0.003 -11"><span class='ocrx_word' id='word_1_204' title='bbox 45 2007 129 2034; x_wconf 80' lang='lat' dir='ltr'>cansam</span> <span class='ocrx_word' id='word_1_205' title='bbox 139 1994 220 2032; x_wconf 84' lang='lat' dir='ltr'>duabus</span> <span class='ocrx_word' id='word_1_206' title='bbox 228 1992 406 2032; x_wconf 82' lang='lat' dir='ltr'>coniurationibus</span> <span class='ocrx_word' id='word_1_207' title='bbox 417 1992 553 2043; x_wconf 82' lang='lat' dir='ltr'>provulgatis‚</span> <span class='ocrx_word' id='word_1_208' title='bbox 563 2006 650 2044; x_wconf 87' lang='lat' dir='ltr'>quarum</span> <span class='ocrx_word' id='word_1_209' title='bbox 660 1994 716 2045; x_wconf 87' lang='lat' dir='ltr'>prior</span> 
     </span>
     <span class='ocr_line' id='line_1_28' title="bbox 45 2062 717 2115; baseline 0 -12"><span class='ocrx_word' id='word_1_210' title='bbox 45 2065 152 2115; x_wconf 87' lang='lat' dir='ltr'>maiorque</span> <span class='ocrx_word' id='word_1_211' title='bbox 171 2063 285 2103; x_wconf 84' lang='lat' dir='ltr'>Pisoniana</span> <span class='ocrx_word' id='word_1_212' title='bbox 301 2063 386 2111; x_wconf 79' lang='lat' dir='ltr'>Romae,</span> <span class='ocrx_word' id='word_1_213' title='bbox 403 2062 506 2113; x_wconf 87' lang='lat' dir='ltr'>posterior</span> <span class='ocrx_word' id='word_1_214' title='bbox 523 2063 634 2102; x_wconf 85' lang='lat' dir='ltr'>Viniciana</span> <span class='ocrx_word' id='word_1_215' title='bbox 653 2064 717 2103; x_wconf 89' lang='lat' dir='ltr'>Bene-</span> 
     </span>
     <span class='ocr_line' id='line_1_29' title="bbox 46 2133 716 2184; baseline 0.001 -12"><span class='ocrx_word' id='word_1_216' title='bbox 46 2134 104 2173; x_wconf 84' lang='lat' dir='ltr'>venti</span> <span class='ocrx_word' id='word_1_217' title='bbox 121 2134 210 2173; x_wconf 87' lang='lat' dir='ltr'>conflata</span> <span class='ocrx_word' id='word_1_218' title='bbox 226 2138 289 2184; x_wconf 86' lang='lat' dir='ltr'>atque</span> <span class='ocrx_word' id='word_1_219' title='bbox 308 2134 389 2172; x_wconf 83' lang='lat' dir='ltr'>detecta</span> <span class='ocrx_word' id='word_1_220' title='bbox 406 2136 443 2171; x_wconf 89' lang='lat' dir='ltr'>est.</span> <span class='ocrx_word' id='word_1_221' title='bbox 473 2133 582 2172; x_wconf 81' lang='lat' dir='ltr'>Coniurati</span> <span class='ocrx_word' id='word_1_222' title='bbox 599 2147 610 2172; x_wconf 93' lang='lat' dir='ltr'>e</span> <span class='ocrx_word' id='word_1_223' title='bbox 625 2134 716 2173; x_wconf 84' lang='lat' dir='ltr'>vinculis</span> 
     </span>
     <span class='ocr_line' id='line_1_30' title="bbox 45 2193 717 2255; baseline 0 -13"><span class='ocrx_word' id='word_1_224' title='bbox 45 2204 161 2255; x_wconf 87' lang='lat' dir='ltr'>triplicium</span> <span class='ocrx_word' id='word_1_225' title='bbox 176 2207 296 2242; x_wconf 81' lang='lat' dir='ltr'>catenarum</span> <span class='ocrx_word' id='word_1_226' title='bbox 311 2203 382 2242; x_wconf 76' lang='lat' dir='ltr'>dixere</span> <span class='ocrx_word' id='word_1_227' title='bbox 397 2215 486 2252; x_wconf 84' lang='lat' dir='ltr'>causam,</span> <span class='ocrx_word' id='word_1_228' title='bbox 502 2215 548 2242; x_wconf 87' lang='lat' dir='ltr'>curn</span> <span class='ocrx_word' id='word_1_229' title='bbox 563 2193 648 2254; x_wconf 87' lang='lat' dir='ltr'>quidam</span> <span class='ocrx_word' id='word_1_230' title='bbox 661 2204 717 2242; x_wconf 90' lang='lat' dir='ltr'>ultro</span> 
     </span>
     <span class='ocr_line' id='line_1_31' title="bbox 16 2272 716 2324; baseline 0 -12"><span class='ocrx_word' id='word_1_231' title='bbox 16 2275 125 2312; x_wconf 67' lang='lat' dir='ltr'>nocrimen</span> <span class='ocrx_word' id='word_1_232' title='bbox 139 2274 262 2322; x_wconf 74' lang='lat' dir='ltr'>faterentur,</span> <span class='ocrx_word' id='word_1_233' title='bbox 277 2272 373 2312; x_wconf 86' lang='lat' dir='ltr'>nonnulli</span> <span class='ocrx_word' id='word_1_234' title='bbox 387 2273 450 2311; x_wconf 81' lang='lat' dir='ltr'>etiarn</span> <span class='ocrx_word' id='word_1_235' title='bbox 464 2272 599 2323; x_wconf 46' lang='lat' dir='ltr'>imputarent)</span> <span class='ocrx_word' id='word_1_236' title='bbox 609 2278 716 2324; x_wconf 81' lang='lat' dir='ltr'>tamquam</span> 
     </span>
     <span class='ocr_line' id='line_1_32' title="bbox 47 2345 717 2393; baseline 0.001 -11"><span class='ocrx_word' id='word_1_237' title='bbox 47 2347 105 2383; x_wconf 77' lang='lat' dir='ltr'>aliter</span> <span class='ocrx_word' id='word_1_238' title='bbox 123 2346 153 2383; x_wconf 79' lang='lat' dir='ltr'>illi</span> <span class='ocrx_word' id='word_1_239' title='bbox 172 2357 213 2382; x_wconf 70' lang='lat' dir='ltr'>riou</span> <span class='ocrx_word' id='word_1_240' title='bbox 229 2349 310 2393; x_wconf 80' lang='lat' dir='ltr'>possent</span> <span class='ocrx_word' id='word_1_241' title='bbox 328 2345 370 2381; x_wconf 78' lang='lat' dir='ltr'>uisi</span> <span class='ocrx_word' id='word_1_242' title='bbox 388 2348 450 2381; x_wconf 81' lang='lat' dir='ltr'>rrrorte</span> <span class='ocrx_word' id='word_1_243' title='bbox 469 2356 583 2382; x_wconf 79' lang='lat' dir='ltr'>srrccurrere</span> <span class='ocrx_word' id='word_1_244' title='bbox 602 2346 717 2383; x_wconf 79' lang='lat' dir='ltr'>dedecorato</span> 
     </span>
     <span class='ocr_line' id='line_1_33' title="bbox 46 2411 719 2464; baseline 0.001 -12"><span class='ocrx_word' id='word_1_245' title='bbox 46 2416 134 2464; x_wconf 64' lang='lat' dir='ltr'>⁸siopttr&#39;r&#39;s</span> <span class='ocrx_word' id='word_1_246' title='bbox 148 2415 244 2452; x_wconf 77' lang='lat' dir='ltr'>erunibus.</span> <span class='ocrx_word' id='word_1_247' title='bbox 273 2413 426 2451; x_wconf 85' lang='lat' dir='ltr'>Damuatorurn</span> <span class='ocrx_word' id='word_1_248' title='bbox 439 2411 500 2451; x_wconf 89' lang='lat' dir='ltr'>liberi</span> <span class='ocrx_word' id='word_1_249' title='bbox 511 2413 561 2452; x_wconf 87' lang='lat' dir='ltr'>urbe</span> <span class='ocrx_word' id='word_1_250' title='bbox 574 2413 631 2464; x_wconf 88' lang='lat' dir='ltr'>pulsi</span> <span class='ocrx_word' id='word_1_251' title='bbox 643 2415 719 2453; x_wconf 86' lang='lat' dir='ltr'>enecti-</span> 
     </span>
    </p>
   </div>
   <div class='ocr_carea' id='block_1_4' title="bbox 0 0 764 2600">
    <p class='ocr_par' dir='ltr' id='par_1_4' title="bbox 0 0 764 2600">
     <span class='ocr_line' id='line_1_34' title="bbox 0 0 764 2600; baseline 0 0"><span class='ocrx_word' id='word_1_252' title='bbox 0 0 764 2600; x_wconf 95' lang='lat' dir='ltr'> </span> 
     </span>
    </p>
   </div>
  </div>
 </body>
</html>
