1520 2600
216 122 291 154 urana
307 121 339 155 rr.
374 121 393 154 c.
412 121 542 154 cumcunl.
689 112 716 154 55

45 238 151 293 Palatium
168 236 338 288 Capitoliumque
355 235 470 275 coniunxit.
503 236 560 285 Mox,
575 248 616 286 quo
631 234 716 286 propior

46 311 106 357 esset,
117 307 142 345 in.
149 319 197 346 area
207 306 327 357 Capitolina
336 318 402 345 novae
413 306 487 345 domus
497 305 636 345 fundamenta
645 305 700 344 iecit.

11 386 36 419 23
72 363 180 428 Agrippae
193 389 215 415 se
227 380 325 427 nepotem
336 388 404 426 neque
416 375 473 414 credi
485 387 553 430 neque
566 375 609 414 dici
622 375 647 414 ob
660 375 717 425 igno-

46 449 149 488 bilitatcm
160 448 204 486 eius
212 447 301 496 volebat,
313 445 493 497 suscensebatque,
505 445 522 485 si
532 445 569 497 qui
578 446 612 485 vel
623 432 716 485 oratione

46 520 80 559 rel
86 518 176 558 carmine
183 517 310 567 imaginibus
317 529 364 555 eum
371 516 482 555 Caesarum
489 516 610 555 insererent.
632 516 736 555 Praeti-5

46 590 107 629 catat
114 592 184 627 autem
193 590 282 626 matrem
290 599 349 626 suam
357 598 382 625 ex
392 586 478 636 incesto,
487 586 542 637 quod
549 586 659 636 Augustus
669 599 716 626 cum

13 651 26 658 ”
46 660 102 699 Iulia
117 658 163 697 filia
179 657 304 706 admisisset,
322 661 462 708 procreatam3
484 669 507 695 ao
523 669 565 695 non
583 686 672 715 Heartress
680 694 717 716 wn-

47 731 157 768 contentus
164 728 204 766 hac
212 727 304 777 Augusti
314 727 458 776 insectatione,
466 726 565 765 Actiacas
583 736 624 764 duct
630 736 697 765 toward

47 799 169 849 Siculasque
178 797 283 847 victorias,
293 800 317 835 ut
330 798 427 836 funestas
439 796 516 848 populo
526 797 566 835 aa
583 785 610 813 ωε
617 784 699 814 relatives

47 881 108 908 mano
121 872 141 906 et
153 867 291 916 calamitosas,
303 866 372 906 vetuit
385 866 521 906 sollemnibus
535 866 595 905 feriis
609 866 715 906 celebrari.
728 875 747 904 to

47 939 130 978 Liviam
138 938 257 988 Augustam
266 937 380 988 proaviam,
391 936 477 977 Ulixem
490 937 590 976 stolatum
600 937 716 976 identidem

47 1009 161 1060 appellans,
170 1008 232 1046 etiam
241 1007 380 1058 ignobilitatis
388 1007 478 1058 quadam
486 1008 512 1046 ad
523 1011 619 1051 senatum
626 1008 717 1058 epistula

47 1091 132 1130 arguere
142 1091 205 1118 ausus
216 1081 254 1127 est,
265 1077 326 1129 quasi
335 1081 429 1117 materno
441 1090 479 1116 avo
491 1077 602 1116 decurione
614 1078 717 1121 Fundano

47 1153 112 1188 ortam
119 1164 132 1200 3.
144 1161 191 1188 oum
204 1148 294 1200 publicis
309 1148 451 1187 monumentis
465 1151 545 1187 certum
560 1148 593 1198 sit,
607 1147 716 1187 Aufidimn

47 1220 163 1273 Lurconem
175 1219 254 1257 Romae
269 1218 382 1257 honoribus
397 1218 500 1257 functum.
529 1218 597 1257 Aviae
611 1218 717 1257 Antoniae
728 1227 747 1256 15

48 1292 150 1328 secretum
164 1288 245 1340 petenti
261 1288 378 1339 denegavit,
394 1288 435 1327 nisi
451 1291 476 1327 ut
492 1288 630 1328 interveniret
644 1289 716 1328 Macro

46 1360 203 1409 praefocasse
213 1345 250 1409 per
260 1359 322 1398 istius
332 1358 389 1397 modi
399 1358 536 1408 indignitates
544 1362 565 1397 et
575 1359 646 1398 taedia
655 1371 717 1398 causa

47 1429 131 1468 exstitit
139 1422 220 1478 mortis,>
229 1428 277 1467 dato
287 1432 363 1478 tamen,
372 1432 396 1467 ut
405 1429 489 1479 quidam
500 1432 582 1480 putant,
594 1433 615 1468 et
624 1441 715 1482 veneno;

47 1511 84 1538 nec
94 1499 205 1538 defunctae
215 1499 283 1538 ullum
294 1498 393 1538 honorem
405 1499 485 1549 habuit,
495 1500 646 1551 prospexitque
658 1512 668 1538 e
681 1499 717 1538 tri-

47 1569 110 1608 clinio
120 1569 228 1608 ardentem
237 1581 315 1619 rogum.
342 1569 437 1608 Fratrem
447 1570 555 1609 Tiberium
565 1570 716 1620 inopinantem,
727 1580 747 1609 20

47 1643 132 1690 repente
139 1626 552 1690 immissotribunomilitum7interemit3
564 1640 659 1679 Silanum
665 1640 716 1679 item

48 1721 141 1749 socerum
150 1710 176 1749 ad
186 1722 258 1749 necem
268 1710 407 1761 secandasque
414 1710 517 1750 novacula
524 1710 595 1750 lauces
603 1710 715 1762 compulit:

47 1784 144 1819 causatus
151 1780 174 1818 in
181 1784 276 1831 utroque,
285 1781 340 1831 quod
349 1780 384 1819 hic
392 1781 509 1831 ingressum
516 1793 538 1820 se
545 1781 650 1820 turbatius
660 1793 717 1820 mare

47 1861 88 1888 non
96 1854 151 1890 esset
160 1854 243 1897 secutus
251 1863 275 1889 ac
282 1863 319 1902 spe
329 1851 444 1902 occupandi
453 1852 532 1901 urbem,
541 1852 559 1891 si
570 1851 619 1903 quid
630 1851 671 1891 sibi
680 1864 716 1902 per

47 1922 182 1971 tempestates
190 1921 299 1971 accideret,
307 1922 441 1972 remansiset3
456 1921 493 1961 ille
502 1922 619 1961 antidotum
629 1922 717 1961 oboluis-
727 1932 747 1962 25

48 1993 85 2039 set,
96 1990 156 2041 quasi
169 1992 196 2030 ad
208 1992 352 2042 praecavenda
361 2005 442 2032 venena
455 2005 493 2032 sua
504 1997 621 2044 sumpurm5
637 2005 684 2031 cum
696 1996 717 2031 et

48 2058 131 2100 Silanus
141 2061 296 2113 impatientiam
305 2075 395 2102 nauseae
403 2063 492 2103 vitasset
501 2067 522 2102 et
532 2063 651 2103 molestiam
660 2062 717 2102 navi-

48 2130 116 2180 gandi,
131 2135 152 2171 et
167 2132 263 2172 Tiberius
280 2137 365 2184 propter
381 2134 488 2172 assiduam
501 2137 523 2172 et
536 2134 716 2183 ingravescentem

46 2200 121 2240 tussim
132 2203 283 2241 medicamento
291 2215 341 2243 usus
349 2207 409 2243 esset.
434 2204 490 2242 Nam
499 2203 609 2250 Claudium
618 2206 717 2254 patruum

46 2280 88 2308 non
97 2271 139 2310 nisi
148 2263 171 2310 iu
180 2272 294 2312 ludibrium
305 2274 427 2312 reservavit.
727 2283 747 2312 30

12 2418 37 2451 26
72 2411 128 2450 Leve
136 2425 160 2451 ac
167 2413 268 2463 frigidum
277 2413 305 2452 sit
314 2414 348 2452 his
356 2415 437 2462 addere,
447 2428 487 2464 quo
496 2415 624 2465 propinquos
632 2415 717 2453 amicos·
729 2448 731 2451 .
