1520 2600
180 120 253 153 urana
269 121 292 153 v,
327 120 402 173 Divus
419 120 548 154 cosumus,
670 112 696 155 91

26 235 105 286 pariter
118 247 166 272 cum
180 234 243 284 vulgo
257 247 307 273 voce
322 234 436 285 digitisque
452 238 578 283 numeraret,
596 247 620 274 ac
636 248 698 287 saepe

26 299 128 343 hortando
138 305 275 354 rogandoque
284 305 310 343 ad
322 304 450 343 hilaritatem
464 305 558 343 homines
570 309 698 355 provocaret,

27 375 121 414 dominos
131 375 247 413 identidem
257 375 371 426 appellans,
382 375 485 414 immixtis
498 376 604 414 interdum
614 375 698 425 frigidis

27 449 47 484 et
62 444 166 484 arcessitis
175 426 243 495 iocis5
259 445 327 496 qualis
342 449 374 484 est
388 449 412 484 ut
426 458 473 484 cum
488 445 613 483 Palumbum
623 450 700 496 postu-

26 515 120 555 lantibus
131 518 226 554 clctzocuo
236 528 256 554 sc
265 505 368 566 promisit,
379 518 398 554 si
406 522 475 565 cogntus
486 520 539 554 essct.
569 515 631 553 Illud
637 515 699 566 plane
709 523 718 552 5

27 586 162 637 quantumvis
174 585 286 624 salubriter
298 588 319 623 et
330 584 351 623 in
362 588 466 636 tempore:
483 597 529 624 cum
541 585 652 634 essedario,
662 598 700 636 pro

27 669 68 706 quo
79 650 182 705 quattuor
194 655 235 693 filii
249 655 419 706 deprecabantur,
429 668 505 705 magno
520 654 612 692 omnium
627 655 699 694 favore

27 724 151 763 indulsisset
165 725 243 773 rudem
258 724 352 763 tabulam
366 724 415 762 ilico
431 724 490 763 misit
506 724 620 763 admonens
636 736 700 775 popu-

27 794 77 842 lum,
88 799 163 842 quatuo
176 806 233 842 opere
246 795 318 841 liberos
331 796 429 843 suscipere
442 796 524 842 deberet,
534 800 584 842 garos
596 796 671 832 videret
682 800 700 832 et

27 863 136 912 gladiatori
145 857 251 910 praesidio
263 864 379 912 gratiaeque
392 874 438 899 esse.
467 861 541 903 Edidit
553 865 574 899 et
585 862 609 898 in
620 862 699 900 Martio
710 872 729 901 10

28 943 101 981 eampo
115 931 292 981 expugnationem
306 931 487 981 direptionemque
501 930 575 980 oppidi
588 931 615 969 ad
627 931 699 980 imagi-

28 1014 76 1040 nem
92 1001 190 1039 bellicam
206 1004 227 1039 et
244 1000 371 1058 deditionem
386 1001 510 1038 Britanniae
526 1013 605 1049 regum,
619 1014 699 1051 praese·

29 1072 101 1121 ditque
120 1071 238 1120 paludatus.
271 1070 326 1116 Quin
343 1074 364 1107 et
380 1070 494 1109 emissurus
511 1070 613 1108 Fucinum
629 1070 698 1109 lacum

28 1140 174 1179 naumachiam
188 1144 237 1178 ante
256 1139 366 1178 commisit.
396 1139 436 1178 Sed
455 1152 502 1178 cum
520 1139 698 1196 proclamantibus

28 1210 197 1259 naumachiariis,
213 1200 281 1248 ¹Hom
304 1212 431 1258 imperatos·
443 1212 537 1248 catoritrut'
558 1215 576 1247 tc
596 1199 698 1248 statuunt!
709 1222 728 1251 15

28 1279 176 1330 respondisset,
195 1279 239 1317 Act
255 1280 309 1317 orori!
332 1291 400 1329 neque
416 1282 465 1329 post
480 1279 535 1317 hanc
548 1291 621 1321 vocem
637 1280 698 1329 quasi
748 1328 749 1331 Ἴ

28 1348 90 1387 venia
104 1349 153 1387 data
167 1349 278 1399 quisquam
292 1348 392 1386 dimicare
406 1348 477 1397 vellet,
492 1348 529 1387 diu
547 1352 657 1390 cunctatus
671 1362 698 1388 an

28 1418 95 1457 omnis
109 1418 155 1468 igni
168 1418 265 1469 ferroque
280 1418 403 1467 absumeret,
413 1418 499 1457 tandem
513 1430 525 1456 e
539 1419 588 1457 sede
602 1422 640 1458 sua
653 1433 699 1471 pro

28 1488 87 1527 siluit
102 1501 125 1526 ac
140 1501 177 1539 per
193 1489 295 1527 ambitum
310 1488 368 1527 lacus
378 1501 420 1526 non
434 1488 479 1527 sine
491 1488 554 1527 foeda
564 1489 698 1537 vacillatione

28 1558 152 1607 discurrens,
166 1557 245 1608 partim
258 1557 358 1596 minando
371 1557 449 1608 partim
464 1558 594 1596 adhortando
609 1559 636 1596 ad
649 1572 698 1609 pug-
709 1569 730 1611 ao
737 1596 741 1600 .

27 1641 76 1667 nam
85 1627 192 1679 compulit.
220 1628 267 1667 Hoc
281 1627 400 1678 spectaculo
413 1627 486 1670 classis
500 1627 570 1667 Sicula
583 1632 604 1667 et
614 1629 698 1668 Rhodia

27 1702 181 1748 concurrerunt7
196 1699 339 1737 duodenarum
353 1698 471 1736 triremium
486 1698 587 1747 singulae,
603 1700 698 1738 exciente
725 1735 727 1739 ,
749 1715 751 1718 ’

27 1768 103 1807 bucina
112 1768 197 1806 Tritone
209 1771 314 1818 argenteo
325 1767 362 1817 qui
373 1767 463 1806 emedio
475 1767 523 1806 lacu
532 1780 569 1818 per
579 1769 697 1808 machinam

27 1841 168 1877 emerserat>
726 1892 728 1894 Ι

6 1919 18 1951 2
54 1907 161 1954 Quaedam
175 1907 230 1947 circa
246 1907 382 1947 caerimonias
402 1907 526 1959 civilemque
546 1911 567 1947 et
585 1908 697 1948 militarem
709 1923 728 1952 25

27 1989 111 2027 morem,
123 1977 173 2018 item
188 1977 243 2017 circa
258 1977 350 2017 omnium
365 1976 462 2016 ordinum
476 1974 554 2017 statum
568 1978 624 2017 domi
638 1979 698 2018 foris·
724 2027 726 2029 q

27 2060 67 2098 que
81 2051 118 2086 aut
132 2048 228 2097 correxit,
239 2051 276 2087 aut
290 2047 372 2086 exoleta
388 2048 499 2097 revocavit,
510 2051 547 2086 aut

27 2117 90 2157 etiam
109 2130 164 2157 nova
182 2118 281 2158 instituit.
316 2118 342 2156 In
365 2118 487 2169 cooptandis
510 2130 547 2169 per
564 2102 698 2191 ἓέὲῗξξοῐζξ

27 2188 115 2238 collegia
130 2189 272 2228 sacerdotibus
287 2188 392 2227 neminem
406 2188 449 2228 nisi
465 2189 546 2228 iuratus

26 2258 155 2317 nominavit3
173 2256 333 2309 observavitque
351 2258 429 2308 sedulo,
445 2262 474 2309 ut,
493 2259 589 2310 quotiens
606 2260 698 2298 terrain
709 2273 728 2302 30

27 2329 77 2368 urbe
87 2328 193 2378 movisset,
204 2328 268 2368 ferias
279 2329 381 2368 advocata
390 2329 487 2368 contione
496 2332 579 2381 praetor
589 2329 697 2379 indiceret,

27 2403 97 2450 utque,
113 2399 158 2438 dira
174 2411 212 2438 ave
228 2399 251 2437 in
266 2398 371 2449 Capitolio
384 2398 436 2449 visa,
452 2399 567 2439 obsecratio
580 2399 698 2448 haberetur,
