1520 2600
259 163 334 197 nmna
349 163 381 196 vr.
417 163 488 197 nano.
668 154 711 197 113

39 284 115 320 conatu
132 281 191 319 iuxta
209 272 328 319 cubiculum
347 279 392 318 eius
411 279 490 318 decidit
508 279 620 331 ipsumque
639 292 710 319 cruore

39 350 143 401 respersit,
172 351 228 389 Nam
247 362 331 401 perraro
349 349 473 400 praesidere,
491 354 581 388 ceterum
602 350 709 399 accubans,

39 421 110 472 parvis
125 420 215 493 primuip
230 419 374 469 foraminibus,
386 419 461 458 deinde
475 423 519 459 toto
533 419 596 470 podio
611 420 710 470 adaperto

40 495 133 543 spectare
143 493 256 530 consuerat.

66 561 164 601 Instituit
181 564 202 599 et
218 560 374 611 quinquennale
393 565 499 599 certamen
517 547 598 611 primus
617 560 730 599 omnium5

39 632 117 670 Romae
124 644 181 669 more
189 631 268 682 Graeco
275 630 360 681 triplex,
369 630 472 669 musicum
480 631 599 681 gymnicmn
607 635 709 681 equestre,

39 703 95 753 quod
105 701 221 753 appellavit
229 701 251 739 N
252 700 333 750 cronia,
349 700 493 751 dedicatisque
504 700 559 739 ther·
576 742 690 773 Turdetania

39 772 79 810 mis
89 775 151 822 atque
159 772 274 822 gymnasio,
284 770 366 809 senatui
374 782 456 821 quoque
464 774 485 809 et
492 771 559 821 equiti

39 843 108 881 oleum
126 841 229 892 praebuit.
264 841 378 891 Magistros
397 844 442 879 toto
461 841 570 880 certamini
588 841 710 893 praeposuit

39 912 157 951 consulares
168 914 229 960 sorte,
240 911 289 950 sede
298 914 423 962 praetorum.
452 911 535 949 Deinde
548 912 570 949 in
582 912 710 951 orchestram
721 918 740 946 10

39 985 176 1032 senatumque
191 981 304 1029 descendit,
320 984 341 1019 et
356 981 455 1019 orationis
470 976 554 1035 quidem
569 972 709 1033 carminisque

38 1051 110 1090 Latini
125 1063 228 1100 coronam,
244 1050 269 1089 de
286 1063 328 1101 qua
343 1050 505 1089 honestissimus
522 1051 610 1102 quisque
627 1056 710 1090 conten-

39 1122 103 1168 derat,
114 1121 207 1171 ipsorum
221 1133 322 1160 consensu
336 1133 454 1159 concessam
467 1120 508 1159 sibi
519 1122 604 1171 recepit,
616 1122 709 1160 citharae

38 1184 108 1230 autem
127 1204 139 1230 a
158 1190 262 1229 iudicibus
280 1190 307 1228 ad
326 1202 348 1229 se
364 1190 455 1229 delatam
471 1190 567 1229 adoravit
583 1191 666 1255 fqriqne
683 1191 710 1230 ad

38 1260 131 1310 Augusti
145 1263 237 1299 statuam
250 1260 317 1299 iussit.
347 1260 457 1310 Gymnico,
468 1261 523 1311 quod
534 1260 557 1299 in
570 1261 652 1311 Saeptis
664 1262 710 1300 ede·
720 1264 739 1293 15

38 1330 80 1379 bat,
94 1330 150 1369 inter
163 1329 275 1381 buthysiae
290 1333 415 1381 apparatum
428 1331 515 1369 barbam
528 1331 617 1381 primam
632 1331 714 1382 posuit,

39 1399 185 1450 conditamque
200 1399 223 1437 in
236 1411 319 1438 auream
333 1400 434 1451 pyxidem
448 1404 470 1439 et
483 1400 642 1451 pretiosissimis
657 1413 710 1439 mar-

38 1469 112 1519 garitis
122 1470 243 1508 adornatam
254 1468 357 1519 Capitolio
369 1469 504 1509 consecrarit.
532 1471 568 1509 Ad
581 1470 709 1509 athletarum

38 1539 180 1590 spectaculum
189 1539 289 1586 invitavit
299 1543 320 1578 et
326 1539 419 1588 virgines
428 1539 530 1589 Vestales,
539 1540 589 1591 quia
599 1540 708 1592 Olympiae

38 1621 120 1660 quoque
130 1601 211 1649 Cereris
222 1609 363 1649 sacerdotibus
375 1614 469 1661 spectare
478 1606 610 1648 conceditur.v
719 1618 739 1647 ao

4 1685 28 1717 13
64 1679 113 1718 Non
127 1678 233 1718 immerito
245 1678 300 1717 inter
313 1679 432 1730 spectacula
441 1680 501 1720 abeo
511 1680 568 1718 edita
577 1684 598 1718 et
608 1679 708 1719 Tiridatis

38 1748 60 1787 in
71 1750 145 1788 urbem
157 1748 268 1788 introitum
279 1749 403 1788 rettulerim.
432 1750 497 1795 Quem
507 1750 620 1788 Armeniae
632 1762 708 1798 regem,

38 1819 119 1868 magnis
139 1819 327 1870 pollicitationibus
348 1820 489 1870 sollicitatum,
509 1833 556 1859 cum

38 1889 143 1928 destinato
153 1902 190 1940 per
200 1890 291 1929 edictum
301 1890 335 1929 die
344 1893 465 1930 ostensurus
478 1890 556 1941 popido
573 1874 657 1955 fflassfes

37 1963 122 2010 propter
138 1959 234 1999 nubilum
253 1960 376 2009 distulisset,
396 1960 496 2011 produxit
514 1972 556 2010 quo
674 1958 678 1964 '
719 1968 738 1997 25

37 2030 214 2081 opportunissime
223 2031 298 2082 potuit,
307 2015 416 2083 dispositis
424 2031 479 2070 circa
486 2030 528 2070 scri
535 2030 615 2082 templa
622 2030 707 2069 armatis

38 2099 163 2149 cohortibus,
185 2101 253 2140 curuli
275 2102 369 2141 residens
392 2102 448 2152 apud
467 2105 535 2139 rostra
558 2100 708 2151 triumphantis

37 2158 124 2219 habitu,
132 2170 187 2209 inter
202 2170 262 2220 signa
274 2170 376 2210 militaria
386 2175 448 2222 atque
458 2170 548 2220 vexilla3
564 2173 585 2208 et
594 2168 662 2220 primo
671 2182 708 2221 per

37 2238 140 2278 devexum
154 2240 259 2291 pulpitum
275 2242 399 2280 subeuntem
413 2241 498 2280 admisit
512 2241 538 2279 ad
553 2252 620 2290 genua
633 2240 709 2298 alleva-

36 2311 123 2361 tumque
131 2310 206 2349 dextra
213 2310 345 2350 exosculatus
353 2315 391 2360 est,
399 2310 448 2349 dein
455 2310 550 2362 precanti
556 2310 612 2349 tiara
619 2309 709 2348 deducta
719 2315 738 2344 30

37 2379 134 2418 diadema
147 2379 246 2431 inposuit,
258 2381 322 2420 verba
336 2380 437 2431 supplicis
452 2380 590 2432 interpretata
604 2379 708 2430 praetorio

37 2448 82 2487 viro
96 2448 229 2488 mrdtitudini
243 2450 403 2500 pronuntiante,
419 2451 542 2501 perductum
557 2449 605 2488 inde
617 2449 640 2487 in
652 2449 709 2487 thea-
