1520 2600
207 91 281 123 uranu
297 91 329 125 rr.
364 91 383 125 o.
400 90 530 124 ostreum.
680 82 706 125 71

36 204 242 256 plririfariam'cir003
257 206 345 244 canendi
352 218 376 244 ac
384 205 476 245 saltandi
483 205 592 256 voluptate
599 205 630 243 ita
637 205 707 244 effere-

35 276 103 324 batur,
115 279 140 314 ut
153 288 180 314 ne
190 274 279 326 publicis
294 276 376 325 quidem
390 275 514 326 spectaculis
527 279 653 326 temperaret
666 288 707 326 quo

36 346 106 384 minus
121 349 142 384 et
157 346 255 394 tragoedo
270 345 415 396 pronuntianti
430 346 554 396 concineret,

573 401 625 431 Other
631 409 669 439 pur-

36 488 105 538 rigens
117 486 314 537 palameffingeret.
341 486 387 525 Nec
403 486 445 525 alia
458 486 483 524 de
495 498 556 525 causa
573 453 619 482 sum
717 491 727 520 5

35 558 119 596 videtur
134 569 157 596 eo
175 556 214 606 die,
231 569 272 607 quo
288 556 357 608 periit,
372 556 506 607 pervigilium
524 556 627 596 indixisse
644 569 707 607 quam

36 632 59 666 ut
73 627 158 666 initium
173 627 196 665 in
209 639 304 666 scaenam
319 626 436 677 prodeundi
450 626 536 665 licentia
547 627 647 677 temporis
662 639 707 666 aus-

36 421 57 456 et
72 411 154 467 gestum
170 415 280 455 histrionis
294 415 354 466 quasi
366 416 454 455 laudans
467 416 501 454 vel
514 428 559 454 cor-s

36 698 145 748 picaretur.
180 697 275 736 Saltabat
292 701 362 736 autem
380 709 537 748 nonnumquam
554 697 618 735 etiam
633 701 705 747 noctu,

35 771 56 806 et
70 769 174 818 quondam
188 772 231 806 tres
247 768 366 807 consulares
380 768 470 806 secunda
482 767 556 816 vigilia
567 767 590 805 in
601 767 707 806 Palatium

36 838 112 876 accitos
128 838 235 888 multaque
251 841 272 876 et
289 842 382 876 extrema
395 823 508 877 metuentis
524 832 586 888 super
600 837 706 888 pulpitum
718 845 737 874 10

36 908 158 956 conlocavit,
169 908 219 946 dein
233 911 318 958 repente
332 920 408 957 magno
421 907 521 947 tibiarum
536 912 556 946 et
571 907 707 946 scabellorum

36 978 116 1028 crepitu
130 990 176 1016 cum
188 977 245 1028 palla
259 977 371 1028 tunicaque
384 977 446 1016 talari
460 977 559 1027 prosiluit
570 989 593 1015 ac
603 977 706 1016 desaltato

36 1047 116 1086 cantico
133 1047 191 1086 abiit.
225 1047 295 1097 Atque
312 1047 347 1086 hic
361 1050 405 1085 tarn
420 1046 494 1086 docilis
510 1048 537 1085 ad
552 1051 620 1086 cetera
634 1050 706 1085 natare

35 1103 117 1156 nesciit:
658 1159 660 1161 .

1 1189 25 1220 55
63 1187 154 1232 Quorum
168 1189 218 1225 vero
234 1187 303 1225 studio
318 1190 430 1234 teneretur,
446 1186 542 1225 omnibus
559 1187 586 1224 ad
602 1186 706 1224 insaniam
718 1196 736 1225 15

36 1255 96 1294 favit.
127 1256 255 1295 Mnesterem
271 1256 423 1306 pantomimum
438 1255 502 1294 etiam
517 1256 572 1294 inter
588 1255 707 1305 spectacula

36 1325 174 1375 osculabatur,
185 1338 208 1364 ac
220 1326 238 1364 si
250 1325 287 1376 qui
299 1325 390 1364 saltante
400 1337 425 1364 eo
436 1325 469 1364 vel
482 1325 556 1364 leviter
597 1362 603 1370 ,

20 1419 22 1423 s
36 1396 170 1445 obstreperet,
181 1395 264 1434 detrahi
277 1396 358 1434 iussum
367 1408 431 1434 manu
441 1408 479 1434 sua
488 1395 556 1444 fiagel—
573 1381 674 1468 {32¹3aess
681 1380 699 1410 ⁰f

36 1464 98 1504 labat.
127 1465 201 1516 Equiti
212 1466 306 1503 Romano
315 1465 455 1503 tumultuanti
465 1477 502 1515 per
512 1477 556 1503 cen-

36 1535 140 1573 turionem
153 1535 292 1584 denuntiavit,
304 1535 371 1580 abiret
384 1535 429 1573 sine
440 1547 498 1573 mora
507 1534 588 1573 Ostiam
598 1535 708 1585 perferret-
718 1544 738 1573 20

36 1616 76 1654 que
95 1605 121 1643 ad
139 1605 283 1643 Ptolemaeum
302 1617 373 1655 regem
389 1605 412 1643 iu
430 1604 581 1653 Mauritaniam
600 1604 707 1644 codicillos
752 1608 754 1611 '

36 1686 95 1724 suos,
111 1687 198 1725 quornm
212 1675 330 1725 exemplum
344 1678 399 1713 erat:
414 1665 444 1713 Ei
454 1687 511 1723 quern
521 1677 569 1712 istoc
581 1676 634 1723 aar,
645 1687 707 1723 ireque

36 1745 83 1783 bont
101 1748 208 1794 qtticqucnt
227 1757 290 1794 neque
306 1747 356 1783 attoli
370 1746 457 1794 fheerz's!
484 1745 587 1783 Thraeces
606 1745 707 1795 quosdam

36 1814 147 1852 Germanis
157 1815 249 1864 corporis
261 1815 382 1854 custodibus
392 1815 518 1865 praeposuit.
530 1812 532 1819 '
547 1814 708 1853 blurmillouum

36 1887 151 1923 armaturas
162 1885 242 1924 recidit¹
269 1885 368 1924 Columbo
376 1886 457 1934 victori,
468 1885 543 1924 leviter
552 1890 622 1924 tamen
631 1885 706 1934 saucio,
718 1891 737 1920 25

36 1966 139 1993 venenum
157 1955 180 1993 in
199 1955 283 2006 plagam
300 1956 388 2006 addidit,
403 1956 458 2006 quod
475 1969 501 1995 ex
517 1968 541 1994 eo
560 1955 707 2015 Columbinum

35 2024 151 2074 appellavit
167 2024 205 2077 (sic
221 2031 276 2065 certe
293 2026 349 2066 inter
368 2026 410 2065 alia
424 2039 504 2065 venena
522 2026 624 2076 scriptum
641 2027 667 2065 ab
683 2038 708 2064 eo

35 2097 141 2143 repertum
151 2098 203 2147 est),
219 2096 315 2146 prasinae
330 2097 418 2135 factioni
432 2097 463 2135 ita
477 2096 572 2135 addictus
585 2100 605 2134 et
617 2095 706 2145 deditus,

35 2166 59 2201 ut
78 2168 161 2203 cenaret
180 2165 202 2204 in
222 2166 304 2205 stabulo
323 2166 406 2206 assidue
425 2170 446 2205 et
465 2170 563 2205 maneret.
601 2165 707 2216 Agitatori

34 2233 132 2286 Eutycho
148 2235 294 2274 comissatione
308 2236 398 2285 quadarn
411 2236 434 2273 in
446 2235 579 2286 apophoretis
590 2236 653 2274 vicies
667 2248 708 2274 ses·
719 2243 738 2272 30

35 2304 122 2343 tertium
137 2305 232 2343 contulit.
261 2305 353 2345 Incitato
367 2318 425 2356 equo,
441 2305 499 2345 cuius
514 2318 576 2344 causa
587 2305 655 2356 pridie
670 2305 708 2344 cir-

36 2385 114 2424 censes,
131 2387 158 2413 ne
172 2375 330 2425 inquietaretur,
346 2375 435 2414 viciniae
452 2375 560 2414 silentium
576 2388 612 2426 per
628 2375 707 2414 milites
