1520 2600
178 171 253 203 111111
268 171 291 203 v.
327 170 402 221 uivus
419 170 547 218 canonius.
673 162 700 205 97
746 168 748 176 ¹

28 284 97 336 palam
108 273 230 325 immutatos
240 286 336 324 datorum
346 284 591 335 0111101111101111111115
606 285 700 337 Appium

29 356 122 395 Silanum
145 368 280 401 consocerum
303 368 370 404 suum,
390 355 498 406 Iuliasque
522 355 609 394 alteram
628 356 699 405 Drusi,

27 426 114 465 alteram
125 426 166 465 Ger
189 425 244 464 anici
254 425 326 474 filiam,
337 424 424 464 crimine
434 426 513 464 incerto
526 438 564 464 nec
577 425 699 464 defensione

27 496 71 535 ulla
78 496 128 534 data
137 495 219 544 occidit,
227 495 278 534 item
286 496 322 535 On.
331 495 455 546 Pompeium
466 495 550 534 maioris
560 495 616 534 filiae
624 497 698 546 virum,

28 569 48 605 et
62 566 85 604 n
101 566 194 605 Silanum
210 565 296 605 minoris
312 577 417 616 sponsum.
445 565 479 604 Ex
494 565 570 616 quibus
585 565 720 617 Pompeius5

28 667 32 674 .
46 666 50 674 ,
65 667 69 674 .
84 636 193 691 confossus
205 639 242 685 est,
252 636 336 675 Silanus
347 635 443 674 abdicare
453 648 475 674 se
484 639 583 686 praetura
592 640 640 674 ante
650 636 699 674 ΠΠ
715 652 717 655 ·

27 706 75 744 Kal.
86 706 131 745 Ian.
142 706 236 756 morique
246 705 308 744 initio
318 705 368 743 anni
379 709 468 753 coactus,
479 705 513 744 die
528 705 573 756 ipso
588 705 663 745 Claudi
678 710 699 745 et

28 775 157 827 Agrippinae
166 776 293 827 nuptiarum.
323 775 350 813 In
360 773 452 826 quinque
462 779 483 814 et
494 776 583 826 triginta
593 781 698 816 senatores

26 849 171 896 trecentosque
189 845 279 897 amplius
288 834 378 896 'equites
395 846 580 895 Romanostanta
595 846 699 886 facilitate
721 869 723 871 ·

27 915 182 964 animadvertit,
201 919 231 965 ut,
251 916 276 955 de
296 927 347 954 nece
368 915 484 954 consularis
503 916 544 954 viri
565 911 699 956 renuntiante
710 929 729 958 10

27 985 147 1024 centurione
164 986 243 1024 factum
261 997 306 1025 esse
324 986 380 1035 quod
396 985 527 1036 imperasset,
542 990 629 1035 negaret
644 987 699 1037 quic-

27 1067 89 1105 quam
111 1068 132 1094 se
155 1055 273 1106 imperasse,
297 1054 365 1093 nihilo
387 1055 457 1094 minus
481 1068 525 1094 rem
549 1057 698 1107 comprobaret,
751 1075 753 1077 ·

26 1124 177 1163 affirmantibus
198 1123 370 1164 libertiszofficto
389 1124 469 1164 milites
487 1125 578 1175 functos,
598 1127 654 1176 quod
672 1127 698 1165 ad

25 1194 128 1233 ultionem
143 1194 274 1245 imperatoris
290 1194 347 1233 ultro
361 1195 546 1245 procucurrissent.
574 1196 630 1235 Nam
644 1196 698 1234 illud

26 1276 107 1302 omnem
124 1264 187 1302 fidem
204 1263 317 1304 excesserit
336 1264 392 1314 quod
409 1264 496 1315 nuptiis,
515 1278 566 1315 quas
583 1266 699 1310 Messalina
710 1275 729 1304 15

26 1345 72 1390 cum
89 1334 184 1372 adultero
205 1333 257 1372 Silio
274 1334 359 1383 fecerat,
376 1334 465 1373 tabelias
483 1335 537 1374 dctis
554 1339 575 1374 et
591 1335 637 1386 ipse
654 1348 699 1374 con-

26 1402 145 1452 signaverit,
160 1403 264 1452 inductus,
278 1403 338 1454 qnasi
352 1403 383 1443 de..
390 1403 496 1459 industria
510 1404 659 1443 simularentur
671 1406 698 1460 ad
746 1436 747 1439 ,

25 1473 162 1511 avertendum
172 1473 384 1523 transferendumque
393 1473 516 1524 periculum,
524 1474 579 1536 quod
589 1474 698 1513 imminere

20 1542 67 1616 Lipsi
76 1554 113 1593 per
124 1542 226 1592 quaedam
236 1546 268 1582 ost
260 1545 319 1581 tenta
328 1543 494 1601 portetqleretur.
520 1567 523 1572 -

30 1595 54 1630 l
4 1612 173 1654 Auctoritas
191 1612 324 1663 dignitasque
340 1612 420 1652 formae
438 1626 481 1652 non
497 1613 566 1653 defuit
582 1614 607 1664 ei,
624 1627 697 1653 verum
708 1626 728 1655 ao

26 1682 91 1720 stanti
105 1682 139 1721 vel
154 1682 236 1721 sedenti
250 1695 274 1721 ac
288 1682 398 1733 praecipue
412 1683 539 1733 quiescenti3
555 1685 613 1736 (nam
623 1688 644 1722 et
654 1697 698 1735 pro

25 1751 68 1790 lixo
77 1764 115 1791 neo
126 1751 176 1791 exili
188 1764 272 1803 corpore
285 1755 335 1801 erat,
346 1755 368 1790 et
381 1752 450 1803 specie
464 1753 548 1792 canitie-

26 1834 66 1872 que
84 1822 162 1873 pulcra,
181 1822 256 1873 opimis
275 1821 400 1875 cervicibus)
418 1826 509 1861 ceterum
526 1827 548 1861 et
564 1808 680 1895 {pipppppap-

25 1881 176 1942 ingredientem
201 1891 345 1931 destituebant
368 1892 459 1943 poplites
478 1893 547 1931 minus

25 1961 86 2010 firmi,
103 1965 123 2000 et
139 1962 225 2021 remisse
242 1962 293 2012 quid
312 1961 346 2000 vel
365 1962 419 2000 serio
436 1966 532 2012 agentem
551 1963 618 2002 multa
637 1964 728 2006 (lehc-25

25 2032 148 2082 nestabant:
169 2031 224 2071 risus
243 2031 348 2080 indecens,
363 2031 395 2070 ira
409 2032 491 2083 turpior
507 2036 617 2083 spumante
636 2033 696 2083 rictu,

24 2101 144 2140 umentibus
155 2101 246 2151 naribus,
255 2104 363 2152 praeterea
372 2101 456 2151 linguae
465 2102 585 2152 titubantia,
594 2106 697 2154 caputque

25 2183 72 2209 cum
89 2183 175 2222 semper,
192 2176 237 2210 tum
247 2172 276 2209 rin
292 2172 483 2223 quantulocumque
500 2176 548 2211 actu

4 2226 547 2288 1velmaximetrcmulumWaletudinesicntolim
564 2217 626 2262 Healtn

25 2311 89 2361 gravi,
105 2311 136 2349 ita
150 2311 247 2361 princeps
261 2322 361 2362 prospera
375 2323 425 2350 usus
440 2315 478 2361 est,
493 2313 580 2362 excepto
595 2312 696 2351 stomachi
707 2328 727 2358 30

25 2381 101 2429 dolore,
117 2391 157 2431 quo
172 2393 194 2420 se
209 2384 328 2431 correptum
344 2380 408 2419 etiam
426 2382 451 2420 de
468 2382 615 2420 consciscenda
631 2387 696 2435 morte

25 2451 127 2501 cogitasse
137 2450 196 2489 dixit.
227 2503 229 2506 Α
