1520 2600
218 101 293 133 Lucra
308 100 342 133 111.
378 88 498 132 rmumusj

142 214 211 252 Τούτου
219 212 236 264 γ’
245 213 357 263 ἑσπομένοιο,
367 212 396 250 καὶ
405 214 425 250 ἐκ
433 213 490 262 πυρὸς
498 208 599 259 αἰθομένοιο

87 297 91 304 ··
138 278 209 328 Ἄμφω
217 278 346 327 νοστήσαιμεν,
355 276 394 314 ἐπεὶ
402 275 480 326 περίοιδε
488 276 558 323 νοῆσαι,

51 369 182 408 Attenuatum
199 373 217 406 te
235 380 276 406 esse
293 368 441 406 continuatione
460 366 551 403 laborant
570 376 615 402 citra
633 364 696 401 (irretio

25 447 43 479 et
56 442 102 490 tego,
113 441 135 477 ot
144 450 175 486 nte
184 439 273 488 perdunt
282 440 323 477 trist
335 438 452 476 cohorrescit
464 447 534 484 cerutus
546 446 612 472 rrtenrn
617 445 625 482 ,¹
640 438 696 482 teque

25 524 59 550 oro
72 516 94 549 ut
105 522 180 559 petroci
194 510 236 558 tttt,
250 522 274 547 ne
284 510 302 547 st
313 514 331 546 te
346 509 438 558 tctrtorrere
454 507 615 553 nuntiaturae
629 516 663 555 eqo
678 508 716 542 eta

25 586 89 621 rrtuter
107 586 142 619 tna
161 581 282 629 enutrirentur
300 585 318 617 et
336 580 360 617 de
376 590 456 616 srerrrrnu
472 577 544 625 rssrrtnert
560 577 593 613 sui
607 575 696 624 nourrius

25 653 131 691 Rotnunus
137 651 266 700 pertentetur.

78 739 137 776 uultu
146 739 226 776 interest
235 738 313 775 uctleutn
323 738 364 786 t'pse
374 748 439 784 necne,
450 737 468 773 si
477 740 499 773 tu
509 747 549 773 tion
558 734 638 771 uutebr's,

52 826 106 865 Deos
121 827 205 873 obsecro,
222 829 244 863 ut
259 830 276 862 te
291 825 349 862 nobis
365 828 479 862 conservent
495 828 513 860 et
529 822 594 860 colere
609 833 662 859 nitito
678 824 697 858 et

25 909 101 946 sentper
107 897 220 945 potiuntur,
230 897 248 933 st
257 907 298 933 ιιοιι
303 895 403 944 populant
414 893 532 932 Ronrurncut
537 893 608 941 perosi
617 897 668 930 sterit.
708 903 727 933 10

5 998 16 1030 2
52 983 167 1022 Excessum
176 980 269 1032 Augusti
274 994 317 1020 non
323 980 382 1032 prius
390 980 460 1031 palam
469 979 527 1028 tecit,
533 990 594 1029 quam
602 976 697 1029 Agrippa

26 1054 100 1092 iuvene
110 1052 241 1102 interempto.
270 1052 334 1090 Hunc
343 1050 441 1090 tribunus
452 1049 545 1088 militum
555 1052 625 1087 custos
636 1060 698 1099 appo

27 1123 80 1163 situs
95 1122 177 1171 occidit,
191 1121 252 1161 lectis
267 1121 375 1170 codicillis,
389 1120 465 1172 quibus
482 1124 506 1159 ut
522 1120 544 1160 id
562 1147 654 1179 muneror

26 1195 104 1234 faceret
120 1193 241 1242 iubebatur,
258 1204 310 1243 quos
330 1191 438 1231 codicillos
457 1191 543 1231 dubium
563 1200 593 1229 tre
600 1207 657 1238 young
700 1218 704 1221 -

26 1264 73 1313 fuit,
92 1265 228 1313 Augustusne
247 1263 337 1301 moriens
357 1261 484 1313 reliquisset,
504 1274 545 1312 quo
563 1249 638 1288 Agrippa
709 1275 728 1304 15

26 1334 135 1373 materiam
148 1332 252 1372 tumultus
267 1336 314 1384 pust
330 1345 352 1372 se
368 1333 503 1383 subduceret,
519 1346 545 1372 an
559 1334 643 1373 nomine
656 1334 698 1373 Au-

27 1405 83 1454 gusti
99 1404 161 1442 Livia
177 1406 198 1442 et
214 1416 239 1442 ea
255 1402 337 1442 conscio
353 1402 436 1442 Tiberio
452 1416 480 1442 an
496 1404 575 1455 ignaro,
591 1404 697 1444 dictasset.

26 1474 122 1513 Tiberius
132 1473 262 1513 renuntianti
275 1473 364 1523 tribuno,
375 1474 456 1512 factum
470 1486 515 1513 esse
530 1475 587 1525 qirod
600 1474 699 1525 imperas-

27 1548 65 1594 set,
73 1557 135 1595 neque
145 1547 253 1594 irnperusse
263 1557 283 1583 ce
293 1550 310 1583 et
319 1546 446 1582 redditurum
456 1557 501 1583 euru
511 1549 591 1584 senunu'
600 1548 698 1584 r'utionent

27 1615 140 1666 respondit,
155 1614 258 1653 invidiam
270 1613 354 1653 seilicet
367 1613 391 1652 in
404 1614 524 1665 praesentia
537 1616 613 1655 vitans.
641 1616 698 1655 Nam
709 1629 728 1658 ro

0 1698 76 1729 3m0x
92 1685 176 1724 silentio
191 1698 235 1723 rem
254 1684 381 1723 obliteravit.
409 1685 465 1723 -mre
484 1688 555 1724 autem
573 1685 698 1725 tribuniciae

27 1755 138 1805 potestatis
155 1758 226 1794 coacto
242 1758 317 1794 senatu
332 1754 472 1805 incohataque
492 1755 629 1805 adlocutione,
644 1756 699 1795 dere-

27 1829 89 1875 pente
105 1825 164 1864 relut
182 1826 250 1876 impar
267 1824 335 1864 dolori
351 1825 475 1875 congemuit,
492 1829 557 1877 utque
572 1838 613 1865 non
631 1826 699 1865 solum

27 1908 68 1934 uox
89 1897 126 1935 sed
145 1900 166 1935 et
185 1896 272 1947 spiritus
291 1895 389 1935 deficeret
408 1895 489 1946 optarit
507 1909 531 1935 ae
550 1896 700 1947 perlegendum

28 1965 103 2005 librum
114 1966 183 2006 Druso
192 1966 237 2006 filio
245 1966 340 2005 tradidit.
363 1966 462 2005 ''Inlatum
472 1966 548 2005 deinde
709 1984 729 2013 25

28 2035 121 2086 Augusti
132 2040 286 2086 testamentum,
296 2050 339 2076 non
350 2036 448 2076 admissis
459 2036 548 2086 signato·
565 2017 672 2097 ssffiustus’s

28 2105 86 2146 ribus
105 2107 147 2146 nisi
165 2107 265 2148 senatorii
286 2106 371 2156 ordinis,
390 2107 465 2147 ceteris
489 2110 549 2146 extra

29 2176 108 2216 curiam
118 2177 178 2227 signa
187 2177 354 2227 agnoscentibus,
364 2177 462 2216 recitavit
471 2191 509 2228 per
515 2177 622 2217 libertum.
648 2178 700 2216 Tes-

28 2247 117 2286 tamenti
133 2247 218 2287 initium
232 2247 285 2286 luit:
308 2248 408 2297 Quantum
422 2253 481 2287 atron
490 2250 577 2298 forttutu
592 2248 668 2288 Gutrtrn
682 2253 700 2286 et

29 2317 177 2367 Lucturnfitios
187 2319 238 2356 utut
251 2319 330 2367 eruerit,
344 2319 436 2356 Tiberius
452 2317 528 2357 Ouesur
540 2320 592 2357 ruint
606 2331 629 2357 eu
639 2323 699 2368 purte
710 2330 730 2360 30

30 2386 117 2425 dtnu'cttu
126 2393 144 2425 et
153 2392 240 2426 seuturtte
250 2388 305 2426 lieres
314 2393 360 2442 esto.
380 2387 434 2433 ,Quo
443 2390 465 2426 et
477 2386 524 2438 ipso
537 2390 598 2427 aucta
608 2387 700 2438 suspicio
