1520 2600
39 43 51 84 8
90 50 109 84 C.
127 32 231 83 SUETONI
245 48 397 89 TRANQUILLI
412 49 445 81 DE
459 49 519 81 VITA
535 49 670 82 CAESARUM

37 165 112 217 paulae
131 165 209 215 legens,
226 164 371 204 imbecillitate
389 163 481 214 Augusti
499 164 602 215 nuntiata,
620 164 706 216 paulum
755 158 758 170 '

38 236 139 276 substitit.
164 236 210 275 Sed
226 234 392 274 increbrescente
408 247 490 273 rumore
505 235 565 286 quasi
579 236 606 274 ad
617 236 706 282 ,occasio

37 321 85 346 nem
104 306 188 345 maioris
208 305 252 357 spei
271 308 437 354 commoraretur,
453 309 537 344 tantum
552 318 595 344 non
611 306 705 345 adversis

37 377 198 428 tempestatibus
217 375 316 414 Rhodum
331 375 458 425 enavigavit,
474 376 600 414 amoenitate
616 380 637 415 et
653 377 707 416 salu-

17 457 26 486 5
37 448 114 487 britate
126 446 208 486 insulae
220 446 261 485 iam
275 445 324 485 inde
337 449 410 497 captus
420 458 467 485 cum
477 446 504 485 ad
514 459 558 485 eam
569 447 595 486 ab
605 446 706 486 Armenia

37 518 120 557 rediens
135 517 256 568 appulisset.
285 516 328 555 Hic
341 516 429 556 modicis
443 517 654 556 contentus'aedibus
668 531 706 557 nec

37 588 104 627 multo
123 588 202 627 laxiore
220 587 344 636 suburbano,
360 600 424 637 genus
441 587 498 626 vitae
515 587 577 626 civile
594 588 705 627 admodum

37 658 138 707 instituit,
158 657 203 697 sine
221 657 295 696 lictore
314 660 351 696 aut
369 657 449 696 viatore
470 658 579 709 gymnasio
600 658 706 697 interdum

38 729 180 777 obambulans,
197 731 311 778 mutuaque
330 740 377 766 cum
394 728 502 767 Graeculis
518 727 585 767 officia
602 741 705 780 usurpans

7 808 26 837 10
38 812 102 850 prope
116 812 142 837 ex
156 811 226 849 aequo.

64 871 126 908 Forte
141 869 245 919 quondam
259 868 281 906 in
296 868 425 918 disponendo
441 868 475 907 die
491 881 551 907 mane
567 870 705 920 praedixerat,

187 938 291 988 quidquid
304 950 412 987 aegrorum
425 938 447 976 in
460 938 545 977 civitate
555 944 610 978 esset
620 939 705 979 visitare

187 1021 209 1047 se
227 1008 292 1058 velle3
316 1007 339 1046 id
357 1020 370 1047 a
387 1008 489 1059 proximis
509 1008 570 1047 aliter
589 1014 705 1060 exceptum,

37 1079 131 1129 iussique
145 1082 195 1117 sunt
208 1091 278 1117 omnes
292 1078 348 1127 aegri
361 1078 384 1116 in
396 1079 501 1129 publicam
513 1079 616 1129 porticum
628 1080 705 1119 deferri

37 984 74 1015 Life
81 985 98 1014 in
103 984 169 1014 Rhodes

7 1164 26 1192 15
37 1162 61 1188 ac
70 1162 107 1200 per
114 1148 259 1187 valetudinum
267 1161 342 1198 genera
352 1148 440 1199 disponi.
465 1149 577 1188 Perculsus
585 1162 634 1200 ergo
641 1150 706 1201 inopi-

37 1223 118 1258 natare
129 1218 206 1268 diuque
216 1218 268 1268 quid
277 1222 348 1268 ageret
359 1218 457 1268 incertus,
467 1219 551 1258 tandem
564 1220 657 1269 singulos
669 1220 706 1259 cir-

38 1289 86 1338 cuit,
97 1301 198 1327 excusans
207 1289 289 1327 iactum
299 1289 363 1327 etiam
372 1288 496 1327 tenuissimo
509 1289 582 1340 cuique
595 1294 616 1328 et
627 1290 703 1339 ignoto.

38 1361 109 1399 Unum
123 1359 162 1397 hoc
175 1359 235 1397 modo
247 1371 314 1408 neque
323 1362 431 1409 praeterea
440 1359 551 1409 quicquam
561 1363 656 1398 notatum
667 1364 704 1410 est,
718 1383 721 1388 -

37 1430 59 1467 in
70 1442 110 1480 quo
118 1428 234 1468 exseruisse
242 1429 275 1467 ius
282 1429 407 1467 tribuniciae
417 1429 528 1479 potestatis
536 1430 593 1468 visus
604 1430 642 1468 sit:
658 1443 704 1469 cum

7 1511 26 1540 20
38 1500 92 1538 circa
110 1499 191 1538 scholas
208 1503 229 1537 00
245 1499 350 1537 auditoria
367 1499 509 1550 professorum
528 1500 624 1539 assiduus
643 1504 704 1550 esset,

37 1574 93 1608 moto
106 1570 161 1608 inter
175 1569 327 1619 antisophistas
341 1569 434 1618 graviore
447 1569 521 1619 iurgio,
533 1582 575 1608 non
588 1570 656 1608 defuit
669 1571 705 1621 qui

37 1652 85 1678 eum
94 1639 268 1677 intervenientem
279 1642 300 1677 00
310 1639 370 1689 quasi
381 1639 527 1677 studiosiorem
540 1639 606 1689 partis
618 1640 704 1679 alterius

37 1709 129 1748 convicio
148 1709 265 1748 incesseret.
300 1709 382 1748 Sensim
399 1709 470 1759 itaque
489 1722 594 1759 regressus
614 1710 703 1759 domum,

36 1781 121 1829 repente
134 1791 181 1817 eum
194 1779 348 1829 apparitoribus
361 1779 440 1829 prodiit
452 1779 580 1829 citatumque
592 1792 629 1830 pro
641 1779 705 1818 tribu-

6 1861 25 1889 05
36 1848 79 1887 nali
89 1861 138 1887 voce
148 1848 255 1899 praeconis
266 1849 426 1887 conviciatorem
435 1849 481 1899 rapi
490 1841 552 1888 iussit
562 1849 584 1886 in
596 1861 703 1888 carcerem.

63 1918 169 1968 Comperit
179 1919 254 1956 deinde
262 1919 337 1957 Iuliam
345 1931 431 1957 uxorem
439 1919 465 1957 ob
472 1918 570 1957 libidines
579 1922 641 1969 atque
648 1919 705 1957 adul-

186 1989 239 2027 teria
249 1989 374 2037 damnatam,
384 1988 536 2038 repudiumque
546 1988 565 2026 ei
576 2001 613 2026 suo
620 1988 704 2027 nomine

35 2044 105 2074 Divurce
111 2043 154 2074 from

35 2089 82 2128 Julia
186 2071 212 2096 ex
226 2059 349 2097 auctoritate
361 2059 453 2108 Augusti
465 2059 584 2107 remissum,
600 2062 621 2097 et
635 2068 705 2109 quam-

187 2141 247 2177 quam
271 2129 338 2168 laetus
359 2129 438 2178 nuntio,
457 2133 528 2167 tamen
551 2128 617 2167 officii.
635 2129 703 2178 duxit,

6 2210 25 2238 30
37 2201 138 2247 quantum
153 2197 175 2235 in
189 2211 210 2237 se
220 2203 281 2248 esset,
295 2212 379 2239 exorare
392 2200 448 2239 filiae
462 2204 543 2251 patrem
557 2199 703 2250 frequentibus

36 2267 113 2306 litteris
124 2271 145 2306 et
154 2268 188 2307 vel
198 2273 310 2320 utcumque
323 2271 415 2319 meritae,
426 2270 529 2320 quidquid
539 2283 636 2320 umquam
650 2271 704 2308 dono

36 2337 134 2385 dedisset,
145 2339 262 2376 concedere.
292 2340 405 2378 Transacto
418 2344 488 2378 autem
500 2340 625 2378 tribuniciae
638 2344 705 2389 potes-
