1520 2600
179 67 253 100 niara
269 66 291 101 r,
325 66 400 100 DIVUS
416 65 545 101 canonius.
672 59 700 102 87

28 182 124 221 iuvenem
139 182 210 233 probri
224 182 316 232 pienum,
327 182 364 221 seol
378 194 440 233 quem
455 185 514 232 pater
528 182 699 233 probatissimum

29 252 69 291 sibi
79 251 201 301 affirmabat,
209 252 253 291 sine
265 252 381 305 ignominia
391 252 479 301 dimisit,
489 254 561 291 licitere
573 253 644 291 dicens
658 266 700 292 cea-

28 335 93 362 soreia
102 335 174 370 acarna·
188 321 253 361 alium
265 321 388 372 corruptelis
398 321 549 372 adulteriisque

28 393 134 431 famosum
145 391 200 430 nibil
211 391 301 442 amplius
311 404 374 442 quam
384 392 471 441 monuit,
482 397 504 430 at
514 398 550 449 aad

567 364 666 403 censorship

28 465 112 511 porcius
122 462 221 507 caetbtaloe
231 463 341 511 iaciaiperet
353 467 388 500 caat
397 468 447 500 certe
457 464 548 510 triadica·
563 461 697 512 addiditque:
709 472 719 503 5

31 533 97 581 Qtiare
115 534 168 571 caira
187 544 221 582 eqo
240 534 286 581 scio,
304 544 365 581 qaam
381 534 468 570 ciriacam
485 533 573 570 trabeas?
600 532 628 570 Et
645 543 698 581 cum,

28 602 135 641 orantibus
158 601 304 650 familiaribus,
328 601 454 652 dempsisset
475 601 558 640 cuidam
580 602 698 652 appositam

27 676 104 720 notam,
117 673 191 710 Litora
204 677 277 720 taurea,
290 670 366 721 inquit,
377 673 450 709 easta!
478 671 614 722 Splendidam
629 672 698 710 virum

29 742 169 792 Graeciaeque
179 741 298 792 provinciae
306 741 428 791 prinoipem,
437 753 509 779 verum
518 741 590 779 Latini
597 741 698 780 sermonis

27 811 129 861 ignarum,
140 824 182 849 nou
192 811 252 849 modo
263 810 310 849 albo
319 810 413 849 iudicum
423 810 493 859 erasit,
504 811 541 849 sed
554 811 576 848 in
586 811 698 861 peregrini-
709 821 728 850 10

27 884 92 920 tatem
105 881 191 929 redegit.
219 880 264 919 Nee
278 892 403 931 quemquam
415 880 457 918 nisi
472 892 509 919 sua
519 892 575 929 voce,
585 884 697 931 utcumque

27 951 75 1001 quis
90 954 166 1003 posset,
181 962 205 988 aa
220 949 265 988 sine
281 953 370 1000 patrono
384 949 486 987 rationem
503 949 559 988 vitae
576 962 650 1000 passus
665 954 698 989 est

27 1020 118 1059 reddere.
146 1019 276 1069 Notaritque
289 1018 373 1068 multos,
384 1022 405 1057 et
419 1019 519 1068 quosdam
533 1019 663 1070 inopinantis
677 1023 698 1058 et

27 1101 53 1127 ex
67 1101 130 1128 causa
144 1090 193 1127 nori
208 1088 295 1138 generis,
306 1088 362 1139 quod
377 1101 399 1127 se
412 1089 478 1127 inscio
492 1100 515 1127 ao
526 1089 571 1127 sine
580 1093 698 1141 ,commeatu

27 1158 92 1197 ltalia
105 1158 253 1207 excessissent,
269 1158 373 1208 quendam
387 1170 437 1196 vero
453 1162 473 1196 et
488 1158 544 1208 quod
559 1171 627 1197 comes
642 1158 697 1208 regis
709 1170 727 1199 15

27 1227 49 1266 in
63 1228 172 1278 provincia
185 1221 499 1277 fuissetjreferensl,‘natorum
513 1228 643 1278 temporibus
658 1229 698 1267 aa·

27 1297 80 1336 birio
90 1298 196 1346 Postumo,
203 1297 347 1338 Ptolemaeum
355 1297 505 1335 Alexandriam
515 1298 589 1354 crediti
600 1298 697 1337 servandi

27 1371 90 1426 causa
108 1370 184 1416 secuto,
202 1366 281 1406 crimen
299 1367 416 1405 maiestatis
435 1367 491 1417 apud
510 1367 589 1406 iudices
604 1357 696 1406 motum.

27 1426 101 1475 Plures
115 1440 188 1475 notare
202 1431 295 1484 conatds,
305 1444 385 1484 ‘magna
393 1423 547 1486 inquisitorum
565 1423 699 1487 neglegentia

28 1506 64 1545 sed
79 1518 116 1545 suo
130 1506 207 1545 maiore
221 1506 327 1554 dedecore,
338 1505 434 1545 innoxios
447 1506 492 1544 fere
505 1507 604 1557 repperit,
615 1493 698 1557 quibus-
708 1519 728 1548 ao

27 1588 116 1626 eumque
128 1575 253 1624 caelibatum
263 1579 299 1614 aut
309 1575 420 1613 orbitatem
430 1579 467 1614 aut
477 1580 590 1626 egestatem
601 1577 696 1626 obiceret,
725 1608 727 1612 ,

27 1646 119 1694 maritos,
136 1649 213 1696 patres,
230 1645 340 1696 opulentos
357 1657 379 1684 se
397 1645 545 1696 probantibus3
565 1658 589 1685 eo
606 1638 696 1697 quidem,

28 1715 64 1765 qui
83 1715 167 1755 sibimet
185 1715 228 1753 vim
250 1715 307 1754 ferro
329 1715 427 1754 intulisse
451 1716 581 1765 arguebatur,
601 1716 697 1755 illaesum

28 1797 102 1835 corpus
112 1789 170 1824 veste
180 1786 275 1836 deposita
285 1789 409 1824 ostentante.
439 1785 533 1823 Fuerunt
544 1790 564 1824 et
573 1786 611 1824 illa
621 1786 643 1824 in
653 1799 698 1824 cen-

28 1867 76 1893 sura
89 1856 133 1894 eius
145 1855 254 1912 notabilia,
262 1855 318 1906 quod
331 1855 427 1894 essedum
438 1858 565 1904 argenteum,
577 1860 697 1907 sumptuose
708 1869 727 1898 25

27 1924 152 1964 fabricatum
172 1938 195 1964 ae
211 1926 285 1964 venale
304 1925 331 1964 ad
350 1924 462 1974 Sigillaria,
482 1925 556 1963 redimi
576 1925 697 1980 concidi-que

28 2006 97 2034 coram
110 1995 233 2047 imperavit;
249 1995 345 2046 quodque
354 2007 397 2033 uno
407 1995 440 2033 die
450 1995 493 2033 XX
504 1995 573 2033 edicta
582 1996 697 2046 proposuit,

27 2064 83 2103 inter
94 2063 148 2116 quae
160 2065 207 2115 duo,
219 2071 305 2115 quorum
319 2065 385 2104 altero
398 2065 529 2114 admonebat,
540 2068 564 2103 ut
573 2062 634 2124 ubqri
642 2066 698 2104 vine-

28 2146 87 2173 arum
96 2139 200 2193 provpnti‘i
208 2135 261 2174 bene
272 2135 327 2173 dolia
337 2134 469 2185 picarentnr,
484 2135 556 2183 altero,
567 2135 621 2173 nihil
632 2147 697 2186 aeque

27 2204 96 2244 tacere
107 2204 226 2256 adriperae
236 2217 328 2244 morsum
338 2216 401 2254 qnam
410 2205 456 2249 tari
466 2204 545 2243 arboris
556 2217 633 2243 sucum.
696 2254 698 2256 ι
709 2215 728 2244 30

7 2272 18 2305 Ὺ
54 2274 216 2325 Expeditionem
223 2286 287 2313 unam
294 2274 378 2312 omnino
387 2274 484 2324 suscepit,
493 2286 579 2330 eamque
587 2275 696 2313 modicam.

29 2343 87 2394 Cum,
103 2343 193 2383 decretis
209 2342 251 2383 sibi
266 2356 279 2382 a
295 2347 370 2383 senatu
386 2343 514 2382 ornamentis
527 2343 697 2394 triumphalibus,
