1520 2600
64 116 91 159 60
118 126 137 158 C.
153 124 257 158 SUETONI
271 124 422 165 TRANQUILLI
436 124 469 156 DE
482 124 542 157 VITA
556 123 691 158 OAESARUM

41 290 44 295 Ἰ
64 240 164 279 altaribus
177 239 268 288 victima,
287 239 404 279 succinctus
423 252 524 289 poparum
537 238 612 278 habitu
625 239 680 278 elato
691 239 733 278 alte

64 311 133 349 subito
148 310 223 349 malleo
243 309 364 348 cultrarium
383 300 489 348 mactavit,
518 309 617 348 Lautiore
637 309 733 349 convivio

64 381 142 420 effusus
150 380 173 417 in
181 379 299 429 cachinnos,
308 379 435 428 consulibus
443 380 479 429 qui
490 380 550 418 iuxta
557 380 667 429 cubabant,
676 379 734 430 quid-

63 463 112 489 nam
126 450 209 499 rideret,
225 449 301 489 blande
316 449 470 500 quaerentibus,
483 449 680 499 declamaturus
693 464 733 489 cccco

43 532 106 561 5¹12ch
120 526 171 559 ‘irritu
187 522 274 571 tupuiuri
288 526 394 569 utrumque
408 526 495 559 cestrum
509 523 577 559 statim
595 521 673 569 posse?
700 520 754 559 ln-3

63 595 96 629 ter
110 591 178 630 uarios
188 591 249 639 iocos,
267 603 314 629 cum
329 590 433 629 adsistens
447 590 558 628 simulacro
572 590 629 629 Iovis
643 591 733 641 Apellen

62 662 185 711 tragoedum
195 661 334 700 consuluisset
341 665 388 698 uter
398 660 431 698 illi
440 660 506 699 maior
516 660 629 709 rideretur,
638 665 734 700 cunctan-

63 735 107 770 tem
121 731 210 781 flagellis
225 731 317 780 discidit,
332 730 459 769 conlaudans
475 730 563 770 subinde
577 743 649 769 vocem
663 731 734 781 depre-

64 802 130 840 cantis
150 802 210 851 quasi
229 801 293 839 etiam
311 801 334 839 in
354 801 434 850 gemitu
452 800 591 851 praedulcem.
634 801 733 847 Quotiens

34 882 53 911 rc
63 872 135 910 uxoris
145 871 179 909 vel
189 871 291 909 amiculae
303 870 380 909 collum
394 871 556 919 exoscularetur,
567 871 667 910 addebat:
683 873 734 909 Tora

14 991 19 996 ,
64 943 116 979 tortu
129 943 194 979 cercis
208 942 269 979 stratu
283 954 306 979 cc
320 942 397 979 iussero
411 942 505 979 deauretur.
540 940 595 986 Quin
609 945 630 979 et
645 940 733 980 subinde

63 1011 160 1059 iactabat,
171 1013 316 1060 ecqutsz'turuiu
325 1023 345 1048 sc
355 1012 386 1049 ccl
393 1012 486 1060 fidiculis
496 1012 519 1048 cic
532 1010 632 1050 Caesonio
644 1023 688 1059 scic,
698 1024 734 1049 cuc·

64 1094 108 1120 cuia
117 1086 172 1119 tutuo
183 1093 239 1130 opere
249 1083 344 1131 diligeret.

90 1152 135 1189 Nec
149 1150 228 1189 minore
242 1150 308 1189 livore
320 1162 344 1188 ac
356 1150 487 1199 malignitate
502 1162 565 1200 quam
580 1151 677 1200 superbia
692 1163 734 1189 sae·
743 1160 760 1192 32

34 1229 52 1258 15
214 1220 308 1270 vitiaque
323 1232 388 1270 paene
403 1220 503 1259 adversus
518 1220 585 1259 omnis
605 1221 651 1259 aevi
669 1220 734 1259 homi·

63 1272 189 1362 ffifflyand
214 1303 264 1328 num
279 1302 343 1339 genus
358 1293 465 1339 grassatus
480 1293 516 1328 est.
547 1289 630 1329 Statuas
641 1291 734 1328 virorum

213 1359 341 1408 inlustrium,
357 1359 383 1398 ab
399 1358 496 1408 Augusto
511 1371 536 1397 ex
552 1359 672 1409 Capitolina
686 1372 734 1399 area

63 1419 148 1482 propter
160 1429 268 1479 angustias
280 1429 303 1467 in
316 1441 412 1479 campum
425 1429 527 1467 Martium
538 1428 637 1478 conlatas,
647 1431 678 1468 ita
688 1417 734 1469 sub-

64 1500 127 1539 vertit
141 1503 204 1550 atque
219 1498 302 1538 disiecit
314 1501 339 1537 ut
350 1497 434 1537 restitui
449 1497 513 1536 salvis
527 1498 596 1537 titulis
609 1511 651 1537 non
663 1502 734 1550 potue-

32 1580 52 1608 20
63 1570 111 1619 rint,
116 1569 225 1619 vetuitque
231 1568 317 1619 posthac
322 1568 438 1606 virentium
446 1568 542 1618 cuiquam
547 1580 635 1618 usquam
642 1572 733 1607 statuam

63 1643 99 1678 aut
109 1639 221 1688 imaginem
229 1637 270 1676 nisi
280 1637 376 1676 consulto
386 1641 407 1676 ct
418 1641 502 1676 auctore
510 1650 532 1676 se
542 1637 597 1688 poni.
627 1638 733 1688 Cogitavit

63 1709 126 1747 etiam
136 1710 162 1747 de
172 1707 259 1746 Homeri
274 1707 400 1746 carminibus
416 1707 529 1756 abolendis,
540 1721 575 1746 cru·
583 1710 635 1746 euim
645 1709 684 1747 sibi
692 1722 733 1746 rica

63 1780 126 1828 licere,
133 1778 210 1826 dicens,
218 1779 270 1827 quod
280 1779 363 1816 Plutoni
371 1779 463 1826 licuisset,
472 1780 507 1827 quii
516 1790 561 1816 cum
568 1791 578 1816 e
584 1780 663 1816 ciuitate
672 1790 733 1826 quintu

62 1850 191 1887 constituebat
205 1848 298 1886 eiecerit?
326 1846 368 1885 Sed
378 1851 398 1885 et
406 1847 487 1897 Vergili
500 1860 523 1885 ac
536 1848 580 1886 Titi
593 1847 641 1886 Livi
654 1847 733 1898 scripta

32 1928 51 1956 25
63 1922 84 1956 et
98 1918 199 1967 imagines
215 1917 301 1968 paulurn
317 1917 372 1956 afuit
382 1917 432 1968 quin
448 1930 473 1955 ex
488 1917 584 1957 omnibus
599 1917 733 1957 bibliothecis

25 2024 26 2033 ,
62 1990 173 2035 amoveret,
189 2000 276 2037 quornm
291 1987 380 2025 alterum
396 1990 421 2026 ut
435 1987 514 2026 nullius
531 1987 611 2038 ingenii
627 1987 733 2026 minimae-

62 2069 103 2107 que
116 2056 228 2105 doctrinae,
239 2056 328 2095 alterum
338 2061 362 2095 ut
372 2057 482 2096 verbosum
495 2056 518 2095 in
527 2043 615 2096 historia
624 2057 733 2107 neglegen-

62 2130 146 2177 temque
160 2127 263 2176 carpebat.
292 2127 324 2164 De
339 2126 391 2165 iuris
406 2139 487 2176 quoque
503 2127 610 2175 consultis,
621 2127 681 2177 quasi
696 2127 733 2166 sci-

62 2196 131 2234 entiae
145 2208 215 2233 ecrum
229 2207 310 2234 omnem
324 2208 385 2234 usum
395 2195 517 2244 aboliturus,
532 2208 593 2247 saepe
607 2196 700 2246 iactavit,
712 2210 732 2236 sc

32 2264 171 2304 corruscante
191 2268 304 2315 effectirruci
319 2277 343 2303 ue
362 2267 411 2314 quid
428 2267 545 2314 respondere
557 2268 637 2315 possint
650 2272 733 2316 practer

62 2348 112 2374 euru
150 2336 227 2374 Vetera
245 2335 374 2375 familiarum
397 2336 489 2385 insignia
507 2336 639 2376 nobilissimo
658 2336 760 2387 cuique3

62 2406 147 2455 ademit,
157 2406 262 2456 Torquato
276 2409 378 2456 torquem,
389 2406 513 2445 Cincinnato
527 2406 612 2455 crinem,
622 2406 659 2446 Cn.
674 2406 733 2444 Pom-
