1520 2600
254 101 328 133 rinna
344 101 376 133 vr.
412 100 482 133 nuno.
663 89 705 133 115

61 217 132 256 Multa
146 217 184 256 sub
201 230 225 256 eo
240 220 261 255 et
277 216 422 255 animadversa
437 228 507 255 severe
522 219 543 254 et
560 214 654 263 coercita,
669 206 717 253 nec'

35 288 104 326 miuus
120 287 229 326 instituta:
249 286 357 325 adhibitus
373 286 491 336 sumptibus
508 285 593 334 modus,
611 284 707 335 publicae
723 304 725 307 ·

35 370 97 397 cenae
107 358 134 396 ad
144 357 248 407 sportulas
260 357 367 406 redactae,
383 356 518 395 interdictum
528 369 554 394 ne
572 397 657 428 Reforms·

35 429 86 479 qnid
101 428 123 465 in
136 427 220 478 popinis
234 427 288 466 cocti
302 430 384 477 praeter
397 426 505 475 legumina
518 429 555 464 aut
572 420 679 486 ,magon

34 498 106 537 holera
113 498 200 546 veniret,
209 511 255 536 curn
264 500 326 535 antea
333 496 415 535 nullum
422 509 464 535 non
474 494 555 535 obsonii
572 496 590 552 οξ
596 498 626 527 the
634 496 688 526 chris·
718 509 728 538 5

34 581 99 618 genus
109 571 259 618 proponeretur
265 583 270 616 ;
284 566 356 605 afflicti
366 566 476 617 suppliciis
487 566 555 605 Chris·
571 548 618 577 mus

33 639 92 687 tiani,
103 650 168 688 genus
178 638 287 676 hominum
303 636 458 688 superstitionis
473 649 539 675 novae
552 649 576 674 ac
588 635 705 686 maleficae,

33 708 96 747 vetiti
111 708 292 758 quadrigariorum
309 707 373 756 lusus,
390 706 466 756 quibus
485 706 603 745 inveterata
621 705 707 745 licentia

33 779 113 830 passim
123 778 249 829 uagantibus
263 777 338 816 fallere
353 789 376 815 ac
390 777 458 815 furari
472 789 509 828 per
523 777 591 815 iocum
603 776 636 815 ius
650 779 705 826 erat5
742 806 744 809 >

34 841 210 899 pantomimorum
233 847 336 886 factiones
358 859 405 885 cum
428 846 481 897 ipsis
505 847 568 886 simul
592 846 737 896 relegatae310

0 925 23 958 ¹7
34 919 134 957 adversus
144 917 242 957 falsarios
252 921 303 956 tunc
312 917 403 968 primum
413 921 524 968 repertum,
534 929 561 955 ne
571 916 655 955 tabulae
665 916 707 956 nisi

34 992 131 1039 pertusae
141 999 164 1026 ac
174 991 206 1027 ter
215 988 259 1026 lino
269 999 306 1038 per
319 986 424 1025 foramina
436 987 523 1026 traiecto
536 986 705 1037 obsignarent1u5

34 1062 119 1097 cautum
135 1060 159 1096 ut
179 1057 311 1097 testamentis
329 1057 409 1108 primae
428 1056 481 1095 duae
501 1069 564 1106 cerae,
581 1060 706 1096 testatorum

33 1129 95 1166 modo
107 1127 191 1166 nomine
203 1127 311 1178 inscripto,
321 1139 399 1165 vacuae
413 1126 526 1176 signaturis
540 1127 705 1177 ostenderentur,

34 1211 57 1237 ac
73 1210 99 1236 ne
115 1184 151 1248 qui
165 1198 229 1236 alieni
243 1196 365 1236 testamenti
380 1196 469 1247 scriptor
483 1197 576 1247 legatum
591 1196 632 1236 sibi
646 1197 706 1236 ascri·
717 1206 736 1235 15

33 1269 99 1318 beret,
112 1267 163 1306 item
171 1271 195 1307 ut
202 1268 319 1317 litigatores
327 1279 364 1318 pro
372 1267 494 1317 patrociniis
502 1271 579 1306 certam
587 1267 706 1318 iustamque

33 1338 155 1387 mercedem,
164 1350 201 1388 pro
210 1336 315 1377 subselliis
325 1336 405 1375 nullam
413 1338 498 1376 omnino
505 1337 585 1387 darent,
593 1338 706 1388 praebente

10 1453 13 1458 ¹
34 1408 113 1448 aerario
126 1408 230 1458 gratuita,
245 1410 310 1457 utque
323 1419 392 1445 rerum
406 1410 454 1445 actu
467 1408 493 1446 ab
506 1407 586 1446 aerario
596 1420 669 1447 causae
680 1409 706 1447 ad

33 1480 103 1518 forum
113 1490 137 1517 ae
147 1478 295 1533 reciperatores
308 1477 478 1527 transferrentur,
489 1481 511 1516 et
520 1481 544 1516 ut
553 1490 624 1517 omnes
638 1477 707 1529 appel-

33 1549 123 1588 lationes
133 1561 146 1587 a
155 1547 259 1587 iudicibus
270 1547 296 1586 ad
306 1551 402 1586 senatum
412 1546 491 1587 fierent.
618 1554 619 1557 ’
717 1555 736 1584 ro

0 1629 24 1661 18
60 1618 159 1668 Augendi
173 1618 345 1670 propagandique
360 1617 444 1668 imperii
457 1631 525 1669 neque
537 1619 646 1658 voluntate
661 1619 705 1659 ulla

33 1701 101 1740 neque
113 1690 153 1740 'spe
166 1692 236 1727 motus
251 1700 356 1738 umquam,
367 1687 431 1726 etiam
445 1701 471 1727 ex
482 1675 594 1728 Britannia
604 1689 705 1729 deducere

10 1792 12 1797 .
34 1760 150 1798 exercitum
166 1759 273 1809 sagitavit,
288 1756 326 1796 nee
342 1757 385 1796 nisi
402 1758 532 1808 verecundia,
547 1772 574 1798 ne
589 1759 705 1799 obtrectare

34 1829 128 1881 parentis
143 1829 220 1879 gloriae
230 1828 343 1877 videretur,
354 1828 442 1867 destitit.
471 1829 535 1867 Ponti
547 1830 609 1868 modo
618 1842 705 1879 regnum

34 1900 160 1939 concedente
174 1899 292 1948 Polemone,
308 1898 359 1937 item
375 1898 464 1949 Alpium
480 1899 579 1938 defuncto
596 1900 667 1939 Cottio
682 1901 706 1939 in
716 1909 736 1938 25

34 1970 155 2022 provinciae
170 1969 260 2009 formam
274 1966 360 2019 redegit.

13 2049 25 2080 9
61 2040 244 2090 Peregrinationes
259 2040 311 2078 duas
326 2039 410 2078 omnino
426 2040 524 2092 suscepit,
538 2041 705 2081 Alexandrinam

35 2115 56 2151 et
67 2110 193 2161 Achaicam,
209 2110 246 2150 sed
259 2110 405 2149 Alexandrina
417 2109 464 2160 ipso
477 2111 556 2162 proteo·
588 2124 590 2127 ’

34 2181 98 2221 tionis
113 2180 147 2219 die
161 2180 250 2230 destitit,
265 2178 361 2219 turbatus
376 2180 476 2230 religione
492 2181 555 2221 simul
572 2155 682 2193 Expendens

35 2264 58 2291 ac
67 2251 166 2303 periculo.
194 2252 250 2290 Nam
260 2263 307 2289 cum
317 2250 433 2289 circumitis
442 2252 527 2303 templis
538 2252 561 2290 in
570 2253 621 2291 aede
627 2253 705 2292 Vestae
716 2260 735 2289 30

34 2322 153 2370 resedisset,
162 2320 295 2370 consurgenti
303 2320 322 2359 ei
332 2321 424 2372 primum
433 2321 511 2361 lacinia
519 2317 620 2372 obhaesit,
629 2323 704 2363 deinde

34 2395 95 2432 tanta
113 2391 186 2431 oborta
204 2390 270 2441 caligo
289 2393 327 2440 est,
344 2393 368 2429 ut
387 2390 489 2442 dispicere
507 2395 550 2431 non'
568 2397 644 2444 posset.
678 2395 705 2433 ln
754 2413 757 2416 *
