1520 2600
249 108 324 139 LIBER
339 108 373 140 III.
409 106 529 140 TIBERIUS.
712 98 725 140 5

54 221 155 274 temporis
169 221 303 262 mulierculas
317 222 387 262 levare
402 235 464 262 onere
478 212 616 274 temptabant.
644 222 685 261 Per
696 221 726 261 st-

55 293 126 333 ciliam
143 305 225 343 quoque
242 297 263 331 et
276 305 313 343 per
327 292 430 332 Achaiam
447 292 608 342 circumductus,
624 304 648 331 ac
664 293 726 331 Laee-

55 362 170 402 daemoniis
191 357 281 413 publice,
301 362 357 413 quod
378 362 400 400 in
418 362 486 401 tutela
504 361 640 402 Claudiorum
659 366 724 412 erant,

55 433 199 482 demandatus,
212 432 331 482 digrediens
345 432 395 471 inde
409 432 485 472 itinere
498 435 601 471 nocturno
613 432 726 472 discrimen

54 503 110 542 vitae
123 502 181 552 adiit,
192 502 277 541 flamma
286 505 372 554 repente
382 514 393 542 e
403 501 462 542 silvis
474 502 567 552 undique
578 506 656 551 exorta,
666 503 725 542 adeo
745 515 755 544 5

54 585 95 623 que
104 584 187 611 ornnem
196 572 319 611 comitatum
329 571 476 623 circumplexa,
485 575 510 611 ut
517 572 591 612 Liviae
601 585 649 624 pars
659 573 724 613 vestis

35 633 38 642 ¹
54 647 76 682 et
94 642 166 694 capilli
184 642 348 682 amburerentur.
382 643 476 692 Munera,
494 642 570 693 quibus
587 655 600 682 a
612 643 723 695 ,Pompeia

55 713 101 752 Sex.
116 713 204 763 Pompei
219 724 294 768 sorore,
309 712 333 751 in
348 711 421 751 Sicilia
435 712 525 752 donatus
539 717 577 763 est,
593 713 687 764 chlamys
704 717 725 752 et

54 782 119 822 fibula
132 782 183 822 item
196 782 266 821 bullae
281 794 361 831 aureae,
372 782 449 822 durant
462 783 643 839 ostendunturque
657 784 725 823 adhuc

54 853 109 892 Bais.
138 853 191 892 Post
199 852 289 892 reditum
300 852 323 891 in
331 853 403 892 urbem
413 865 426 892 a
436 853 464 892 Μ.
476 853 547 893 Gallio
557 845 651 893 senatore
662 857 725 894 testa
736 863 755 893 10

53 913 124 961 mento
134 922 252 974 adoptatus,
263 922 380 962 hereditate
392 923 450 963 adita
460 936 509 962 mox
518 923 603 963 nomine
614 924 723 974 abstinuit,

54 993 110 1043 quod
120 992 202 1033 Gallius
212 993 347 1032 adversarum
356 993 453 1043 Angusto
463 993 555 1044 partium
564 994 640 1034 fuerat.

80 1063 162 1102 Novem
180 1066 244 1102 natus
262 1075 328 1102 annos
347 1063 471 1103 defunctum
493 1067 573 1114 patrem
593 1077 631 1115 pro
650 1065 724 1108 rostris

54 1132 154 1184 laudauit.
183 1133 265 1172 Dehinc
279 1133 395 1184 pubescens
411 1129 500 1173 Actiaco
516 1133 624 1185 triumpho
640 1148 724 1174 currum

54 1202 146 1252 Augusti
156 1202 267 1242 comitatus
278 1206 310 1242 est
320 1202 449 1243 sinisteriore
459 1203 528 1242 funali
541 1217 600 1254 equo,
611 1217 658 1243 cnm
670 1206 724 1244 lIar-
735 1216 754 1245 15

54 1272 119 1311 cellos
129 1272 229 1312 Octaviae
238 1272 295 1312 filius
308 1272 425 1312 dexteriore
434 1272 551 1313 veheretur.
580 1274 690 1314 Praesedit
703 1278 724 1314 et

54 1342 125 1381 asticis
151 1335 212 1390 ludis,
236 1344 258 1387 et
281 1341 364 1380 Troiam
388 1341 520 1390 circensibus,
545 1341 619 1381 ductor
643 1345 724 1381 turmae

54 1424 164 1463 puerorum
179 1412 287 1464 maiorum.

33 1483 44 1517 7
80 1482 144 1522 Virili
157 1486 207 1532 toga
220 1485 309 1532 sumpta,
319 1480 485 1521 adulescentiam
498 1493 580 1520 onmem
591 1482 723 1534 spatiumque
740 1510 742 1512 ·

54 1551 184 1602 insequentis
207 1552 282 1591 aetatis
304 1563 370 1602 usque
393 1551 420 1590 ad
442 1551 574 1602 principatus
608 1594 611 1600 ¹
734 1560 754 1589 20

53 1621 116 1661 initia
124 1634 162 1673 per
170 1622 222 1661 haec
231 1622 275 1660 fere
286 1621 395 1672 transegit.
421 1621 500 1660 Munus
510 1620 575 1671 gladi·
592 1594 622 1624 ms
630 1596 685 1633 youth

54 1691 143 1731 atorium
159 1691 182 1730 in
198 1691 319 1731 memoriam
338 1691 405 1742 patris
424 1695 446 1730 et
462 1690 552 1730 alterum
568 1691 591 1729 iu
608 1691 643 1730 avi
659 1691 723 1730 Drusi

54 1762 118 1811 dedit,
138 1762 226 1801 diversis
245 1762 374 1813 temporibus
394 1774 418 1800 ac
437 1760 495 1810 locis,
515 1761 606 1812 primum
628 1761 652 1800 in
670 1762 722 1810 foro,

54 1833 167 1871 secundnm
180 1832 203 1871 in
215 1832 377 1883 amphitheatro,
389 1831 488 1871 rudiariis
501 1843 583 1882 quoque
598 1832 723 1882 quibusdam

54 1903 156 1942 revocatis
166 1906 322 1942 auctoramento
332 1906 442 1942 centenum
452 1902 545 1951 milium3
559 1902 617 1941 dedit
625 1906 646 1941 et
655 1902 722 1951 ludos,
734 1915 754 1944 25

55 1972 91 2011 sed
100 1973 186 2012 absens:
201 1977 276 2012 cuncta
285 1972 401 2023 magnifice,
412 1973 500 2024 inpensa
509 1972 583 2011 matris
593 1984 617 2011 ac
627 1972 704 2011 vitrici.
740 1987 743 1989 ·

80 2043 225 2094 Agrippinam,
239 2043 311 2082 Marco
324 2042 420 2094 Agrippa
433 2043 532 2093 genitam,
547 2045 631 2093 neptem
646 2042 724 2082 Caecili

53 2112 122 2153 Attici
138 2114 216 2166 equitis
234 2114 325 2154 Romani
342 2114 380 2167 [ad
397 2126 459 2165 quem
478 2117 528 2153 suut
545 2113 576 2153 ci-

54 2185 133 2225 ceronis
157 2184 277 2238 epistulae]‚
299 2185 361 2224 duxit
382 2196 479 2234 uxorem,
509 2184 576 2224 subla

53 2257 116 2306 toque
130 2268 156 2294 ex
171 2267 195 2294 ea
208 2255 252 2294 filio
266 2255 341 2304 Druso,
356 2267 482 2306 quamquam
497 2254 550 2293 bene
565 2253 723 2293 convenientem
734 2265 754 2295 30

54 2337 166 2377 rursusque
181 2326 289 2375 gravidam
301 2325 415 2375 dimittere,
429 2337 452 2364 ac
465 2325 542 2364 Iuliam
552 2324 645 2374 Augusti
657 2323 723 2363 filiam

54 2396 165 2435 confestim
183 2400 266 2435 coactus
283 2399 314 2435 est
331 2395 413 2444 ducere,
430 2407 473 2434 non
489 2395 534 2435 sine
553 2406 628 2444 magno
647 2406 723 2444 angore

592 2156 623 2187 His
633 2154 717 2195 marriage
