1520 2600
66 65 93 106 48
117 73 137 106 c,
155 73 259 107 sucrum
273 74 426 114 rnnuoumnr
441 75 475 106 nn
488 73 550 106 vrrn
566 73 700 107 cassanum

66 192 128 238 atque
138 188 222 237 indolis,
234 201 286 237 cnm,
297 188 380 227 deserta
389 188 525 238 desolataque
534 189 621 238 reliquis
636 189 736 241 subsidiis

217 258 271 306 aula,
286 257 360 296 Seiano
375 257 417 295 iam
430 260 480 295 tunc
494 261 595 307 suspecto.
605 270 653 296 mcx
667 262 688 296 et
703 271 736 309 op-

217 340 295 377 presso,
304 327 330 365 ad
341 339 399 377 spem
409 327 545 366 successionis
555 327 662 378 paulatim
668 329 736 368 admo-

216 401 305 435 veretur.
320 396 387 441 Quam
394 409 435 446 quo
441 397 507 446 magis
514 396 652 446 confirmaret,
659 398 736 436 amissa

65 312 136 348 Marries
148 312 200 351 Junia

66 361 148 391 claudius.

44 472 54 501 5
65 466 128 504 lunia
140 479 166 504 ex
180 470 248 516 partu,
259 465 349 504 Enniam
362 466 472 515 Naeviam,
483 467 588 505 Macronis
598 479 690 516 uxorem,
699 467 736 517 qui

65 540 111 574 turn
120 536 259 586 praetorianis
269 536 390 576 cohortibus
400 540 501 587 praeerat,
510 536 634 575 sollicitavit
643 537 671 575 ad
681 540 736 587 stup-

65 619 117 653 rum,
127 605 235 656 pollicitus
245 610 266 644 et
276 606 432 645 matrimonium
445 619 511 654 suum,
522 605 540 644 si
554 607 634 656 potitus
648 606 735 657 imperio

65 675 152 725 fuisset3
168 676 270 733 dequeyea
279 688 301 714 re
311 679 332 714 et
341 676 386 715 iure
396 676 484 715 iurando
494 680 515 714 et
524 676 662 726 chirographo
674 676 735 715 cavit.

64 774 132 804 Mamer
143 773 198 804 Μ,
215 746 256 784 Per
274 746 328 784 hanc
347 746 466 785 insinuatus
485 746 586 795 Macroni,
604 731 684 785 ueneno
703 746 736 784 Ti-

35 823 54 851 10
64 824 120 853 benus
128 824 188 853 attn'tr
215 816 296 854 berium
311 816 421 865 adgressus
435 820 473 874 est,
483 819 508 854 ut
520 816 605 866 quidam
616 816 734 866 opinantur,

65 873 172 902 uteutomm
215 885 347 935 spirantique
363 885 430 923 adhuc
445 885 528 924 detrahi
545 886 631 923 anulum
647 889 673 934 et,
688 898 736 935 quo-

16 976 20 981 ·
65 955 123 994 niam
133 955 273 1005 suspicionem
283 954 394 993 retinentis
405 954 474 1003 dabat,
485 954 595 1005 pulvinum
606 955 669 994 iussit
678 954 734 1003 inici,

65 1029 128 1075 atque
143 1025 206 1063 etiam
222 1025 293 1064 fauces
309 1037 372 1063 manu
388 1037 426 1063 sua
439 1024 550 1075 oppressit,
564 1025 645 1073 liberto,
659 1025 696 1075 qui
710 1025 735 1063 ob

65 1094 196 1133 atrocitatem
210 1094 309 1133 facinoris
323 1094 481 1143 exclamaverat,
492 1094 603 1133 confestim
618 1094 640 1131 in
654 1107 735 1132 erucem

35 1173 54 1203 15
65 1168 116 1203 acto.
145 1165 190 1203 Nec
200 1163 298 1202 abhorret
308 1163 421 1212 averitate,
430 1175 477 1202 oum
487 1163 530 1202 sint
538 1146 623 1214 quidam
633 1167 734 1213 auctores,

64 1235 133 1285 ipsum
148 1237 221 1285 postea
235 1234 276 1272 etsi
290 1246 332 1271 non
347 1234 372 1272 de
386 1233 486 1284 perfecto,
498 1237 519 1272 at
534 1237 589 1272 certe
604 1234 629 1271 de
644 1223 734 1283 cogitato

65 1304 170 1354 quondam
184 1303 296 1354 parricidio
310 1303 440 1353 professum;
456 1303 569 1353 gloriatum
583 1303 640 1341 enim
651 1303 734 1342 assidue

64 1374 86 1412 in
106 1358 286 1412 commemoranda
305 1385 343 1411 sua
359 1373 444 1423 pietate,
462 1373 489 1411 ad
505 1372 647 1412 ulciscendam
663 1385 734 1420 necem

64 1443 138 1482 matris
155 1447 176 1481 et
192 1443 282 1481 fratrum
298 1442 397 1481 introisse
412 1454 434 1480 se
450 1455 496 1480 cum
511 1442 601 1492 pugione
616 1442 734 1481 cubiculum

34 1524 53 1552 ac
64 1512 144 1550 Tiberii
163 1511 292 1560 dormientis,
311 1515 332 1549 et
351 1511 494 1550 misericordia
515 1515 632 1561 correptum
653 1511 734 1549 abiecto

64 1583 120 1621 ferro
134 1581 255 1631 recessisse3
270 1593 308 1620 nec
321 1580 388 1630 illum,
400 1593 526 1631 quamquam
540 1580 646 1629 sensisset,
657 1584 693 1619 aut
705 1580 734 1619 in-

64 1652 147 1702 quirere
157 1651 268 1701 quicquam
278 1654 314 1689 aut
324 1650 410 1700 exsequi
420 1663 499 1689 ausum.

92 1720 126 1760 Sic
139 1720 251 1772 imperium
265 1720 359 1771 adeptus,
370 1719 471 1771 populum
482 1720 601 1759 Romanum
612 1719 655 1772 (vel
665 1719 732 1759 dicam
743 1726 754 1758 1

214 1790 323 1829 hominum
337 1803 402 1840 genus
410 1791 429 1843 ?)
440 1790 485 1829 voti
500 1794 616 1841 compotem
631 1790 689 1839 feeit,
701 1802 735 1829 ex-

33 1876 52 1904 25
63 1846 197 1926 ξέἓὲῖζέζῖοῑῒ
214 1860 359 1910 optatissimus
367 1859 464 1911 princeps
475 1859 578 1899 maximae
585 1860 642 1910 parti
651 1859 734 1912 provin-

214 1929 299 1970 cialium
309 1942 332 1969 ac
342 1930 441 1979 militum,
452 1930 508 1981 quod
522 1929 626 1969 infantem
638 1929 734 1981 plerique

63 2003 213 2050 cognoverant5
224 1996 261 2039 sed
269 2004 290 2039 et
297 2000 407 2039 universae
415 2000 472 2050 plebi
479 2000 571 2039 urbanae
579 2001 605 2039 clo
612 2000 733 2039 memoriam

64 2070 184 2111 Germanici
198 2071 264 2121 patris
274 2070 470 2121 miserationemque
480 2083 544 2120 prope
554 2070 643 2109 afflictae
653 2071 732 2109 domus.

63 2142 138 2191 Itaque
144 2145 169 2179 ut
175 2141 275 2179 aMiseno
282 2140 349 2179 movit
357 2140 452 2191 quamvis
460 2140 552 2190 lugentis
558 2140 632 2179 habitu
640 2144 661 2179 et
668 2140 732 2179 funus

32 2223 51 2252 30
63 2210 134 2249 Tiberi
148 2223 282 2262 prosequens,
293 2214 364 2249 tamen
373 2211 429 2249 inter
438 2210 513 2249 altaria
523 2213 544 2248 et
555 2210 651 2249 victimas
661 2210 733 2249 arden-

62 2281 132 2332 tisque
146 2281 218 2321 taedas
234 2280 358 2320 densissimo
371 2285 392 2319 et
405 2280 521 2320 laetissimo
532 2280 640 2320 obviorum
649 2280 732 2331 agmine

62 2351 153 2401 incessit,
165 2363 227 2402 super
240 2351 312 2389 fausta
324 2350 410 2389 uomina
422 2350 480 2390 sidus
493 2354 514 2388 et
527 2350 608 2401 pullum
619 2353 640 2388 et
653 2363 730 2402 pupum
