1520 2600
262 82 337 115 arnna
353 82 385 115 vr.
420 81 490 115 nuno.
530 127 532 131 .
652 125 655 129 .
671 73 713 115 133

42 200 141 246 gumento
154 196 269 245 refellebat,
283 208 346 247 quam
359 196 415 248 quod
426 196 490 235 etiam
503 195 588 236 inscitia
601 196 642 236 sibi
654 199 714 236 tantc

42 279 103 318 opere
117 266 234 305 elaboratae
249 267 396 318 perfectaeque
410 279 423 305 a
437 279 459 306 se
473 266 524 305 artis
538 266 659 315 obiceretur,
674 265 714 305 sin-

42 337 101 386 gulos
121 336 209 375 subinde
231 336 330 386 rogitans,
350 342 454 375 nossentne
475 349 594 386 quemquam
609 342 714 386 praestan-

42 409 117 446 tiorem.
147 406 188 445 Sed
199 406 322 455 urgentibus
333 406 380 445 aliis
393 418 455 457 super
465 406 516 445 alios
526 406 614 455 nuntiis,
625 407 714 444 Romam

42 476 187 527 praetrepidus
194 476 257 515 rediit
263 491 268 526 3
283 470 400 527 leviterque
407 476 468 515 modo
478 476 501 514 in
511 475 586 515 itinere
594 475 670 514 frivolo
680 488 714 514 au-
724 488 734 517 5

42 546 107 597 spicio
117 549 187 584 mente
197 549 295 595 recreata,
305 558 353 584 cum
365 549 487 585 annotasset
500 545 630 596 insculptum
642 558 713 584 monu-

42 620 112 655 mento
120 616 208 654 militem
217 616 302 656 Gallum
309 616 336 655 ab
342 615 412 666 equite
422 616 516 655 Romano
526 628 649 666 oppressum
656 615 713 654 trahi

42 687 140 735 crinibus,
151 686 177 724 ad
189 699 233 725 eam
244 686 334 736 speciem
345 685 431 724 exsiluit
444 686 520 736 gaudio
533 685 655 736 caelumque
667 685 713 723 ado

42 757 102 795 ravit.
129 756 161 794 Ac
171 769 197 794 ne
208 760 257 806 tunc
271 755 355 805 quidem
369 759 405 794 aut
418 760 492 794 senatu
506 759 542 794 ant
554 756 632 806 populo
644 768 713 793 coram

41 826 152 876 appellato,
168 826 267 875 quosdam
284 838 295 863 e
309 825 435 875 primoribus
449 825 501 864 viris
515 824 743 874 domurnevocavit,1o

37 899 186 945 ⁴transactaque
200 895 278 946 raptim
291 895 450 943 consultatione,
460 895 563 945 reliquam
576 895 618 933 diei
631 898 712 945 partem

41 979 78 1016 per
88 978 165 1015 organa
174 964 298 1017 hydraulica
307 965 356 1004 novi
366 968 388 1003 et
397 964 464 1014 ignoti
474 965 555 1015 generis
565 964 711 1014 circumduxit,

41 1036 193 1086 ostendensque
207 1035 296 1084 singula,
307 1035 332 1074 de
345 1035 426 1087 ratione
438 1047 462 1074 ac
475 1035 598 1074 difficultate
611 1035 711 1084 cuiusque

41 1105 150 1154 disserens,
168 1107 211 1144 'iarn
227 1118 247 1143 sc
264 1107 324 1144 etium
338 1107 468 1155 prolotcmmn
487 1107 556 1143 omnic
572 1108 595 1143 in
613 1107 711 1143 theatrum

41 1188 54 1213 d
75 1177 181 1214 cinnatu-si
192 1188 231 1225 per
245 1176 349 1215 Vindicem
363 1177 444 1218 licenti
722 1190 741 1219 15

5 1253 30 1286 42
67 1247 180 1295 Postquam
189 1239 264 1283 deinde
272 1245 336 1283 etiam
347 1245 434 1284 Galbam
443 1249 464 1284 et
472 1245 587 1295 Hispanias
598 1245 710 1284 descivisse

40 1315 143 1364 cognovit,
152 1315 263 1365 conlapsus
274 1314 385 1365 animoque
395 1314 449 1352 male
456 1315 525 1353 tracto
532 1314 570 1352 diu
577 1315 622 1353 sine
629 1327 679 1352 voce
689 1318 711 1353 et

40 1397 104 1435 prope
123 1384 273 1422 intermortuus
294 1383 364 1433 iacuit,
384 1387 449 1434 utque
469 1384 558 1434 resipfit,

40 1458 98 1493 veste
108 1454 201 1503 discissa,
212 1454 280 1504 capite
291 1454 522 1502 consternantem
535 1456 559 1492 de
576 1437 711 1525 {affinmlfflt

40 1537 59 1562 se
72 1524 223 1575 pronuntiavit,
237 1523 395 1574 consolantique
408 1524 525 1562 nutriculae
538 1527 559 1562 et
623 1538 625 1540 ·
721 1538 741 1566 20

39 1594 86 1633 aliis
97 1606 178 1644 quoque
188 1594 230 1632 iam
238 1593 369 1644 principibus
379 1593 458 1632 similia
468 1594 568 1632 accidisse
578 1594 709 1642 memoranti,

39 1676 59 1701 sc
68 1677 114 1702 neno
120 1669 202 1712 praeter
213 1669 284 1701 ceteros
296 1665 390 1701 irzcrtdttc
402 1662 420 1701 et
431 1666 532 1714 tncoqnztc
537 1667 585 1712 putc'
594 1663 708 1714 respondit,

38 1738 73 1782 qui
89 1746 190 1772 statuncula
207 1735 314 1783 lraperircn
330 1736 388 1772 viciis
407 1736 510 1772 cantitaret.
538 1733 583 1772 Nec
600 1746 624 1772 eo
643 1733 708 1772 setius

39 1805 149 1853 quicquam
164 1816 190 1841 ex
205 1803 355 1841 cousuetudine
372 1803 434 1841 luxus
451 1807 514 1853 atque
530 1803 623 1841 desidiae
638 1803 709 1842 omisit
730 1811 752 1824 '⁸

38 1873 71 1910 vel
81 1872 198 1921 imminuit3
215 1872 266 1922 quin
275 1872 345 1921 immo,
356 1885 402 1910 curn
412 1872 506 1922 prosperi
518 1872 619 1922 quiddam
628 1884 709 1923 expro-
719 1882 738 1911 25

37 1942 113 1982 vinciis
127 1941 247 1981 nuntiatum
263 1945 324 1992 esset,
339 1954 401 1993 super
416 1941 619 1982 abundantissimam
635 1954 708 1981 cenam

37 2012 137 2051 iocularia
151 2012 174 2050 in
186 2012 310 2051 defectionis
324 2013 387 2051 duces
401 2010 494 2051 carmina
506 2012 625 2063 lasciueque
637 2012 708 2051 modu-

36 2082 80 2122 lata
96 2095 149 2133 quae
168 2083 230 2132 vulgo
247 2086 366 2132 notuerunt,
381 2083 445 2121 etiam
462 2082 599 2132 gesticulatus
618 2086 661 2133 est;
684 2095 707 2121 ac

36 2153 160 2202 spectaculis
171 2152 249 2191 theatri
260 2152 313 2190 clani
323 2153 409 2201 inlatus,
418 2139 500 2191 cuidam
511 2152 605 2192 scaenico
614 2152 707 2204 placenti

35 2222 134 2261 nuntium
143 2222 207 2272 misit,
218 2224 274 2261 abaci
283 2224 328 2261 enm
338 2224 499 2271 commotionibus
508 2225 556 2260 sctis.
718 2239 737 2267 30

3 2299 25 2330 ⁴3
62 2292 128 2333 Initio
144 2293 215 2331 statim
228 2291 339 2342 turnultus,
350 2292 418 2331 multa
431 2295 452 2331 et
465 2292 564 2341 inmania,
577 2305 651 2331 rerum
664 2305 707 2331 non

16 2406 18 2410 ¹
35 2362 190 2402 abhorrentia'a
199 2366 275 2402 natura
285 2374 323 2401 sua
332 2362 424 2401 creditur
434 2362 561 2402 destinasse:
577 2375 705 2402 successores

529 2444 535 2465 l
