1520 2600
55 82 82 123 36
106 90 125 123 c.
143 89 248 123 suuroru
263 88 417 129 rnnuqmnnr
432 87 465 120 nn
477 87 540 119 rma
555 86 690 120 cansarum

54 203 177 242 criminatus
187 206 219 243 est
229 203 327 254 pudenda
336 202 496 253 miserandaque
506 200 605 250 oratione,
614 214 661 240 curn
671 201 726 239 inter

54 273 96 312 alia
112 276 181 324 patres
196 272 324 324 conscriptos
341 265 466 324 precaretur,
483 271 592 310 mitterent
610 271 699 310 alterum
715 284 726 310 e

54 343 179 393 consulibus,
190 343 227 394 qur¹
242 355 264 382 se
277 355 348 382 senem
360 346 382 381 et
395 342 462 381 solum
474 342 497 380 in
508 345 641 392 conspectum
655 355 726 381 eorum

54 426 101 452 cunr
117 414 188 463 aliquo
206 413 294 452 militari
312 413 417 464 praesidio
434 413 562 463 perduceret.
592 412 626 451 Sic
643 426 726 463 quoque

33 491 42 520 5
54 483 149 522 diffidens
164 483 319 534 tumultumque
329 486 430 531 metuens,
441 482 533 521 Drusum
548 486 652 533 nepotem,
663 495 726 533 quem

53 553 144 592 uinculis
159 553 227 592 adhuc
241 554 320 591 Romae
336 552 462 602 continebat,
476 552 535 601 solvi,
547 551 566 590 si
579 565 612 591 res
625 557 725 604 posceret,

54 624 168 675 ducemque
181 623 281 663 constitui
293 626 433 674 praeceperat.
461 622 548 674 Aptatis
562 623 624 662 etiarn
637 623 726 663 navibus

54 695 81 733 ad
99 706 240 744 quascumque
259 693 351 743 legiones
376 692 515 732 meditabatur
537 693 615 742 fugam,
635 693 726 744 specula

53 764 136 803 bundus
148 776 174 802 ex
188 763 292 803 altissima
304 776 355 815 rupe
364 762 480 801 identidem
494 763 559 812 signa,
570 774 628 814 quae,
638 776 664 802 ne
675 776 727 802 nun-

25 838 44 867 10
54 834 80 872 tii
98 837 234 882 morarentur,
253 833 301 872 tolli
315 833 393 884 procul,
412 836 436 871 ut
455 818 548 883 quidque
566 833 646 871 factum
664 833 726 883 foret,

54 903 195 942 mandaverat.
223 904 300 943 Verum
314 906 335 942 et
345 915 445 954 oppressa
457 902 599 941 coniuratione
615 902 685 942 Seiani
696 903 727 942 ni-

23 975 28 980 “
54 972 99 1012 hilo
109 973 200 1012 securior
210 977 246 1012 aut
256 973 390 1021 constantior,
398 985 435 1023 per
445 985 520 1011 novem
528 973 634 1023 proximos
644 985 726 1012 menses

54 1055 96 1082 non
107 1055 201 1093 egressus
212 1047 243 1082 est
252 1042 310 1091 villa,
321 1055 374 1094 quae
384 1045 469 1081 vocatur
479 1041 543 1081 lonis.

82 1113 178 1152 Urebant
194 1113 280 1164 insuper
296 1113 380 1151 anxiam
395 1114 486 1150 mentem
502 1112 561 1150 varia
574 1113 667 1164 undique
681 1125 726 1152 con·
736 1120 760 1151 tt

25 1190 44 1241 m
55 1183 115 1232 vicia,
128 1182 187 1220 nullo
202 1195 244 1221 non
257 1183 402 1221 damnatorum
416 1193 477 1220 omne
492 1181 563 1232 probri
578 1195 642 1232 genus
657 1195 725 1222 coram

55 1282 162 1321 opprobrium
207 1253 241 1291 vel
257 1264 294 1303 per
310 1252 392 1291 libellos
411 1251 557 1291 in‘orohestra
572 1253 653 1303 positos
671 1253 726 1304 inge-

55 1334 144 1370 castupon
207 1326 271 1361 rente.
299 1322 379 1367 Quibus
392 1321 477 1372 quidem
489 1322 633 1361 diversissime
645 1323 727 1362 adficie-

55 1381 132 1411 Tiberius
207 1393 274 1441 batur,
284 1393 345 1431 modo
358 1395 382 1430 ut
393 1403 443 1442 prae
454 1391 533 1442 pudore
546 1392 619 1442 ignota
629 1396 651 1431 et
660 1393 727 1432 celata

55 1468 130 1504 cuncta
141 1467 232 1514 cuperet,
242 1475 398 1513 nonnumquam
410 1461 481 1500 eadem
494 1465 636 1502 contemneret
648 1467 669 1501 et
682 1476 726 1514 pro

25 1541 44 1570 20
55 1536 120 1573 ferret
127 1533 183 1572 ultro
190 1536 253 1583 atque
263 1531 368 1585 uulgaret.¹
393 1531 448 1577 Quin
457 1535 478 1570 et
487 1531 591 1570 Artabani
600 1533 725 1571 Parthorum

55 1604 110 1654 regis
125 1604 227 1642 laceratus
242 1606 274 1641 est
288 1601 371 1651 litteris,
384 1601 498 1653 parricidia
512 1605 533 1640 et
548 1603 621 1642 caedes
636 1606 657 1641 et
670 1603 727 1653 igna-

55 1675 111 1713 viam
125 1677 147 1712 et
160 1672 265 1711 luxuriam
279 1671 395 1721 obicientis,
411 1671 558 1723 monentisque
572 1676 596 1711 ut
608 1673 726 1713 voluntaria

55 1748 121 1784 morte
130 1743 222 1782 maximo
235 1742 392 1793 iustissimoque
405 1742 483 1781 civium
496 1743 544 1781 odio
558 1756 621 1793 quam
635 1744 726 1795 primunr

55 1815 106 1855 satis
118 1815 202 1853 faceret.
231 1814 340 1852 Postremo
355 1815 420 1852 semet
434 1813 479 1863 ipse
493 1815 608 1864 pertaesus,
622 1813 660 1853 tali
675 1814 747 1865 epis-6

19 1891 44 1925 ‘25
55 1886 112 1925 tulae
126 1884 230 1935 principio
244 1885 328 1921 tantum
344 1895 386 1921 non
403 1895 505 1922 summam
521 1882 623 1922 malorum
642 1896 726 1923 suorum

54 1956 163 2008 professus
175 1958 217 1993 est:

85 2026 138 2074 Quid
148 2026 234 2064 scriboni
247 2026 308 2073 vobis,
316 2030 385 2074 patres
394 2026 505 2074 conscripti,
515 2029 551 2062 mu
560 2036 599 2073 qao
611 2026 670 2063 mocio
680 2028 727 2064 scri-

56 2097 108 2145 bom,
125 2101 160 2134 citt
175 2097 224 2144 qaid
239 2096 320 2133 coccino
335 2108 376 2133 acc
392 2095 478 2133 scribom
493 2095 528 2132 boc
543 2099 634 2144 tecqaorc,
650 2097 681 2133 dii
695 2108 727 2134 cie

56 2169 142 2216 dcccque
148 2167 208 2215 petiis
214 2167 301 2215 partiunt
311 2177 372 2214 qaum
382 2166 453 2203 cotidie
457 2166 526 2214 perire
536 2167 604 2214 sectio,
615 2167 633 2203 si
642 2167 688 2204 scio.

25 2245 44 2274 30
81 2235 211 2275 Existimant
221 2234 306 2286 quidam
320 2233 445 2286 [praescisse
455 2234 516 2286 haec]
529 2246 576 2273 eunr
586 2234 662 2286 peritia
671 2235 727 2275 futu-

55 2320 125 2346 rorum
139 2305 206 2344 multo
218 2308 360 2355 antequanm
374 2316 396 2342 se
410 2304 534 2355 quandoque
547 2305 649 2345 acerbitas
662 2309 683 2344 et
697 2306 727 2345 in-

56 2376 122 2416 famia
129 2378 228 2425 maneret,
235 2373 379 2425 prospexisse3
394 2373 488 2424 ideoque,
496 2377 520 2412 ut
530 2374 641 2425 imperium
649 2375 726 2426 inierit,
