1520 2600
235 145 310 179 amru
326 145 359 178 rn.
395 142 515 178 rrunnrus.
684 133 711 176 27

8 268 32 300 50
69 261 145 301 Odium
153 261 253 300 adversus
261 260 426 299 necessitudines
436 259 458 298 in
466 260 535 298 Druso
545 258 636 310 primum
646 258 711 297 fratre

42 330 122 369 detexit
133 329 225 381 (prodita
237 330 281 369 eius
295 329 392 381 epistula,
403 342 443 380 qua
454 342 524 369 secum
536 330 561 367 de
578 363 681 393 natrecand

42 400 133 449 cogendo
143 399 169 438 ad
179 399 331 439 restituendam
339 399 457 438 libertatem
465 398 561 448 Augusto
579 413 645 450 cruelty

42 469 125 523 agebat)
136 468 212 508 deinde
227 472 248 508 et
263 469 286 508 in
300 469 393 520 reliquis.
422 468 490 508 Iuliae
500 454 562 507 uxori
579 462 644 517 ²⁰W³fd

41 543 124 579 tantum
141 540 196 584 afuit
214 544 238 579 ut
255 540 364 589 relegatae,
379 540 434 591 quod
452 538 562 577 minimum
579 512 660 542 relatives
722 549 732 578 5

41 613 79 659 est,
89 605 157 648 officii
166 613 202 648 aut
216 609 354 648 humanitatis
369 609 450 659 aliquid
463 608 587 659 impertiret,
597 611 621 646 ut
631 620 657 646 ex
666 620 712 646 con-

41 680 151 719 stitutione
161 679 227 729 patris
237 692 278 718 uno
288 679 365 730 oppido
375 679 467 718 clausam
477 678 538 717 domo
548 689 629 728 quoque
639 677 711 726 egredi

41 752 62 787 et
72 748 194 787 commercio
200 749 312 804 *hominurn
323 749 367 787 frui
378 748 479 797 vetuerit,
494 748 531 786 sed
542 751 564 786 et
573 747 656 798 peculio
666 760 711 786 con-

41 831 99 858 cesso
112 830 124 856 a
136 822 196 869 patre
208 818 350 869 praebitisque
362 818 437 857 annuis
450 818 563 867 fraudarit,
574 830 611 868 per
621 817 711 868 speciem

41 888 120 938 publici
138 888 196 939 iuris,
216 889 271 938 quod
290 888 344 926 nihil
363 888 388 926 de
406 888 440 937 his
459 887 568 937 Augustus
585 891 711 926 testamento
722 895 741 924 10

41 957 136 998 cavisset.
174 959 265 996 Matrem
284 958 366 996 Liviam
386 961 484 1008 gravatus
502 958 562 996 velut
580 961 651 1008 partes
670 956 711 996 sibi

41 1039 118 1077 aequas
135 1027 241 1077 potentiae
256 1027 404 1076 vindicantem,
418 1031 439 1065 et
456 1039 589 1076 congressum
605 1027 649 1066 eius
661 1027 711 1066 assi-

41 1098 105 1135 duum
120 1097 197 1135 vitavit
213 1101 234 1135 et
250 1098 354 1146 longiores
373 1097 537 1147 secretioresque
556 1109 667 1146 sermones,
684 1109 710 1135 ne

41 1166 141 1215 consiliis,
152 1167 227 1216 quibus
239 1170 310 1205 tamen
323 1167 430 1205 interdum
442 1171 463 1205 et
474 1179 533 1216 egere
545 1170 566 1204 et
578 1166 611 1204 uti
624 1166 709 1215 solebat,

40 1236 85 1285 regi
94 1236 206 1275 rideretur.
234 1237 294 1275 Tulit
303 1237 367 1275 etiarn
378 1237 502 1287 perindigne
517 1240 586 1275 actum
597 1236 619 1274 in
629 1240 709 1285 senatu,
722 1247 740 1276 15

40 1309 64 1344 ut
80 1306 150 1345 titulis
167 1306 210 1346 suis
230 1308 291 1357 qnasi
307 1306 405 1356 Augusti,
422 1307 453 1345 ita
469 1311 490 1344 et
507 1305 583 1345 Leo-icc
592 1309 652 1357 filias
668 1307 710 1345 adi-

41 1380 126 1415 ceretur.
173 1378 240 1422 Quare
269 1389 311 1415 non
341 1383 447 1426 pacientem
477 1379 559 1425 petrice
576 1394 680 1424 Hismother

41 1446 148 1496 appellari,
172 1459 214 1484 non
239 1445 306 1484 ullum
333 1446 436 1495 insignem
459 1446 558 1483 honorem
576 1444 625 1473 Livia

40 1516 131 1565 recipere
154 1516 237 1567 publice
260 1528 334 1566 passus
358 1520 402 1565 est,
431 1516 468 1554 sed
490 1519 511 1554 et
534 1501 655 1565 frequenter
676 1516 710 1554 ad-

39 1586 127 1635 monuit,
146 1585 259 1624 maioribns
280 1598 318 1624 nec
340 1586 432 1624 feminae
455 1585 626 1624 convenientibus
649 1594 740 1635 nego-20

39 1654 76 1694 tiis
101 1655 221 1704 abstineret,
246 1655 357 1706 praecipue
381 1658 406 1694 ut
419 1651 586 1704 animadvertit,
612 1655 709 1694 incendio

40 1724 99 1764 iuxta
108 1726 180 1764 aedem
190 1726 266 1765 Vestae
278 1729 299 1764 et
311 1725 379 1776 ipsam
389 1725 526 1764 intervenisse
536 1724 678 1776 populumque
688 1729 709 1764 et

39 1795 124 1844 milites,
135 1808 176 1846 quo
187 1795 270 1834 enixius
282 1808 342 1846 opem
349 1796 442 1844 terrent,
456 1795 594 1845 adhortatam,
605 1795 709 1835 sicut'sub

6 1868 29 1901 51
39 1858 114 1904 marito
130 1865 193 1904 solita
209 1869 269 1904 esset.
298 1865 380 1904 Dehinc
397 1865 423 1904 ad
440 1865 568 1904 simultatem
585 1878 651 1916 usque
664 1879 709 1916 pro-

39 1933 102 1974 cessit
120 1935 165 1983 hac,
184 1938 208 1974 ut
227 1936 304 1985 ferunt,
324 1936 350 1974 de
368 1947 435 1975 causa.
464 1935 558 1974 instanti
577 1935 665 1987 saepius,
683 1939 739 1976 ntae

39 2005 125 2044 civitate
142 2007 242 2045 donatum
258 2007 281 2044 in
297 2007 392 2046 decurias
407 2007 519 2056 adlegeret,
535 2007 621 2057 negavit
635 2006 677 2044 alia
686 2018 708 2045 sc

39 2076 159 2116 condicione
176 2077 312 2129 adiecturum,
330 2090 392 2128 quam
409 2077 427 2116 si
442 2081 549 2127 pateretur
564 2075 641 2116 ascribi
654 2076 707 2125 albo,

39 2152 135 2186 extortum
144 2149 167 2186 id
179 2150 218 2186 sibi
227 2160 240 2186 c
249 2152 319 2186 tractre.
348 2147 378 2185 At
390 2147 428 2186 illa
441 2150 544 2186 commota
555 2151 636 2185 veteres
650 2159 709 2197 quos-

39 2215 87 2255 dam
97 2217 124 2257 ad
134 2230 155 2256 se
166 2217 257 2267 Augusti
270 2210 376 2256 codicillos
387 2217 413 2256 de
422 2218 534 2256 acerbitate
544 2221 565 2256 et
574 2216 709 2256 intolerantia

38 2297 119 2325 morum
135 2287 180 2327 eins
191 2288 208 2326 'e
223 2287 313 2327 sacrario
327 2286 416 2338 protulit
427 2290 489 2339 atque
499 2287 602 2327 recitarit.
630 2288 676 2326 Hcs
686 2290 707 2325 et
719 2297 739 2326 30

39 2357 153 2399 custoditos
176 2361 221 2397 tam
244 2358 281 2396 diu
302 2360 323 2396 et
346 2358 480 2409 exprobratos
499 2361 543 2398 tam
560 2358 638 2397 infeste
650 2356 708 2397 'aceo

39 2427 129 2475 graviter
144 2427 200 2478 tulit,
216 2432 240 2467 ut
255 2428 341 2479 quidam
356 2432 436 2479 putent,
454 2428 509 2468 inter
525 2441 598 2468 causas
615 2441 707 2469 secessus
