1520 2600
55 84 98 125 122
123 93 143 126 o.
158 93 262 125 sunronr
275 93 427 133 rannoumnr
440 95 473 126 nn
487 95 548 127 vrm
562 96 697 131 cansarum
757 69 759 72 ⁵

55 208 134 247 refotus
145 208 227 259 saepius
240 207 314 247 calidis
327 207 414 258 piscinis
429 221 452 248 ac
466 212 559 261 ternpore
574 211 654 250 aestivo
668 212 725 252 niva-

204 278 244 328 tis;
258 277 404 328 cenitabatque
411 291 567 330 nonnumquam
575 283 597 318 et
604 280 627 318 in
634 281 723 331 publico,

204 347 329 386 naumachia
343 347 451 398 praeclusa
465 349 499 387 vel
514 349 592 388 Martio
607 362 680 401 campo
689 351 724 390 vel

205 418 265 457 Circo
279 417 378 466 Maximo,
390 417 445 457 inter
459 422 572 467 scortorum
586 419 652 458 totins
666 421 723 460 urbis

33 491 75 528 set
84 488 242 527 ambubaiarum
251 487 374 526 ministeria.
403 488 504 533 Quotiens
515 488 596 528 Ostiam
609 489 681 528 Tiberi
691 485 731 529 de?
751 523 752 526 ,

53 558 127 596 flueret
141 562 177 596 ant
193 559 296 597 Baianum
313 558 383 596 sinum
397 558 594 609 praeternavigaret,
609 559 723 610 dispositae

54 330 84 360 His
91 331 146 360 revels
155 331 187 360 and

54 380 172 410 debauclreries

54 641 90 678 per
100 628 162 667 litora
172 632 193 667 et
202 629 259 679 ripas
269 628 400 667 deversoriae
411 629 510 668 tabernae
522 628 650 679 parabantur
661 629 724 680 insig-

53 710 90 736 nes
110 711 176 747 ganea
194 702 215 736 et
233 701 375 736 matronarum
392 697 498 736 institorio
515 710 576 748 copas
593 697 723 737 imitantium
742 747 744 750 Α

53 771 116 818 atque
132 768 181 806 hino
198 768 247 806 inde
265 767 395 806 hortantium
413 771 437 806 ut
456 767 576 818 appelleret.
612 768 723 807 indicebat

23 846 42 875 10
53 840 74 875 et
88 837 228 877 familiaribus
243 849 311 885 cenas,
326 849 414 887 quornm
431 837 469 875 uni
483 837 582 876 mitellita
598 838 722 893 quadragies

53 907 172 945 sestertium
181 906 283 955 constitit,
294 906 356 944 alteri
365 906 432 957 pluris
443 907 551 957 aliquanto
561 907 645 946 rosaria.

79 1046 206 1085 Diuitiarum
226 1050 247 1085 et
265 1045 365 1097 pecuniae
384 1046 477 1085 fructum
494 1059 537 1085 non
553 1046 617 1085 alium
634 1048 722 1097 putabat
732 1056 757 1093 30

52 1129 115 1167 quam
124 1117 274 1167 profusionem,
283 1118 374 1154 sordidos
384 1129 407 1154 oc
417 1118 512 1165 deparcos
519 1129 560 1154 esse
570 1109 642 1165 quibus
650 1120 722 1166 inqrea-

95 1231 99 1237 ⁴
131 1231 134 1236 ³
203 1199 272 1224 sorem
281 1188 334 1223 rollo
342 1191 445 1234 constaret,
450 1187 570 1235 praelautos
579 1189 662 1235 vereque
670 1200 722 1238 raroq-

22 1231 156 1298 15P10d1gahty
202 1258 271 1305 raptres
280 1258 316 1304 qui
327 1257 455 1294 <ebrato-eatur
468 1268 491 1294 oc
501 1257 613 1304 perderent.
643 1257 736 1295 Lauda--

52 1325 88 1364 hat
96 1325 253 1376 mirabaturque
262 1324 388 1363 avunculum
399 1325 476 1364 Gaium
486 1324 544 1363 nullo
554 1325 621 1375 magis
631 1326 721 1376 nomine,

52 1408 113 1445 quam
123 1396 178 1445 quod
188 1395 279 1444 ingentis
290 1407 302 1433 a
311 1394 395 1433 Tiberio
402 1394 486 1433 relictas
495 1407 543 1445 opes
553 1394 576 1432 in
585 1394 643 1433 brevi
654 1396 722 1445 spatio
755 1392 758 1396 '

52 1465 187 1515 prodegisset.
216 1464 283 1510 Quare
293 1476 331 1502 neo
340 1464 443 1514 largiendi
454 1477 491 1503 neo
504 1464 627 1503 absumendi
637 1465 722 1503 modrnn

51 1535 125 1573 tenuit.
154 1535 181 1572 ln
192 1534 314 1583 Tiridatem,
325 1534 381 1584 quod
392 1534 429 1571 vix
438 1534 538 1573 credibile
547 1533 648 1582 videatur,
659 1534 723 1572 octin-

22 1615 42 1644 20
53 1617 106 1654 gena
121 1617 230 1643 nummum
246 1603 305 1642 milia
320 1603 395 1642 diurna
412 1604 505 1653 erogavit
520 1603 645 1654 abeuntique
661 1617 722 1655 super

53 1674 172 1713 sestertium
187 1674 255 1713 milies
273 1672 367 1711 contulit.
396 1674 529 1711 Menecraten
545 1672 686 1711 citharoedum
701 1677 722 1712 et

53 1743 161 1794 Spiculrun
185 1743 335 1781 mirmillonem
358 1742 519 1793 triumphalium
542 1741 634 1781 virorum
660 1743 723 1793 patri-

52 1813 128 1852 moniis
142 1814 270 1863 aedibusque
285 1812 376 1851 donavit.
413 1812 584 1863 Cercopithecum
598 1812 720 1851 Panerotem

52 1883 197 1933 feneratorem,
206 1886 227 1922 et
235 1882 319 1921 urbanis
328 1882 453 1932 rusticisque
463 1881 555 1933 praediis
565 1881 722 1932 locupletatum,

22 1967 41 1997 25
52 1966 116 2004 prope
130 1953 187 2002 regio
201 1952 277 1992 extulit
292 1953 371 1991 funere.
399 1952 487 1991 Nullam
501 1954 581 1990 vestem
596 1951 629 1990 bis
645 1951 721 1990 induit.

52 2022 204 2072 Quadringenis
214 2023 237 2060 in
246 2025 347 2078 punptum
356 2021 458 2060 sestertiis
468 2022 535 2060 aleam
545 2020 610 2059 lusit
626 2021 722 2060 Piscatus

53 2096 86 2131 est
95 2096 138 2131 rete
148 2096 221 2132 aurato
231 2097 252 2132 et
261 2105 354 2143 purpura
363 2104 463 2142 coccoque
472 2091 560 2130 funibus
569 2090 634 2130 nexis.
658 2091 723 2130 Ninn-

53 2175 116 2213 quam
132 2163 202 2202 minus
217 2160 276 2201 inille
292 2161 383 2200 carrucis
400 2161 476 2200 fecisse
490 2161 532 2199 iter
545 2160 642 2209 traditur,
660 2160 722 2200 soleis

52 2232 156 2271 mularum
177 2232 287 2283 argenteis,
311 2231 440 2270 canusinatis
463 2230 598 2280 mulionibus,
617 2230 723 2270 armillata

22 2319 41 2348 30
52 2302 202 2353 phalerataque
216 2303 325 2341 Mazacum
338 2302 400 2340 turba
414 2305 476 2351 atque
491 2313 603 2339 cursorum.

79 2372 128 2410 Non
138 2372 160 2409 in
170 2371 211 2410 alia
224 2384 246 2411 re
258 2375 328 2410 tamen
342 2361 460 2410 damnosior
475 2382 537 2423 quam
551 2369 573 2410 iu
588 2370 722 2422 aedificando,
732 2376 757 2410 31
