1520 2600
31 85 59 126 14
83 93 103 126 o.
120 93 224 126 sunrorr
239 93 392 134 rnnuourrnr
407 93 441 125 nn
453 93 515 125 rrrn
531 90 665 126 cansarum

58 209 104 248 Seio
117 209 181 258 vulgo
190 221 313 260 persuasum
323 208 389 260 quasi,
400 221 483 258 egresso
490 211 539 259 post
549 210 651 247 secretum
662 197 707 248 ser-⁴

29 292 113 318 monem
123 279 212 328 Tiberio,
220 292 261 317 vox
270 279 363 329 Augusti
370 291 407 330 per
417 279 555 318 cubicularios
566 283 653 330 exeepta
662 280 704 334 sit:¹

29 389 55 419 Au
68 389 136 419 uam
182 351 282 388 Miserum
297 351 396 399 populum
414 350 532 388 Roranam
550 351 586 398 qut
604 352 639 388 sub
659 356 701 389 tciri

29 397 135 468 estimiteof
183 421 241 458 lentis
259 421 346 459 irictciiiis
365 421 415 458 erit!
442 419 476 457 Ne
495 418 549 457 illud
568 419 653 469 quidem
672 421 701 471 ig-

8 502 18 530 5
28 487 122 518 Tiberius's
182 502 233 528 noro
241 489 322 540 aliquos
331 477 451 538 tradidisse,
458 489 578 539 Angustrnn
585 489 655 540 palam
662 504 700 530 nee

29 538 116 568 character

28 632 162 682 improbasse,
181 634 206 669 ut
225 643 381 682 nonnumquam
400 630 530 670 remissiores
549 631 701 683 hilarioresque

29 715 133 741 sermones
146 701 306 752 superveniente
318 714 342 740 eo
354 701 495 752 abrumperet;
511 701 548 740 sed
557 706 701 752 expugnatum

29 772 125 824 precibus
139 771 210 811 uxoris
224 771 357 824 adoptionem
369 785 412 811 non
426 771 529 821 abnuisse,
539 771 574 810 vel
585 771 648 811 etiam
660 785 701 812 am-

0 851 18 880 ιο
29 843 108 882 bitione
127 845 222 891 tractum,
242 845 266 880 ut
284 842 324 881 tali
343 855 460 881 successore
479 842 636 881 desiderabilior
654 843 700 894 ipse

29 913 154 964 quaudoque
165 912 229 951 fieret.
251 912 335 952 Adduei
344 917 415 951 tamen
424 925 504 963 nequeo
514 912 566 963 quin
575 912 699 963 existimem,

14 982 263 1033 ‘circumspectissimum
282 987 303 1022 et
326 982 513 1034 prudentissimum
536 982 658 1033 principem,
677 983 700 1021 in

28 1057 89 1092 tanto
99 1053 224 1104 praesertim
236 1053 325 1102 negotio,
336 1053 391 1091 nihil
402 1056 480 1091 temere
491 1052 567 1091 iecisse
573 1068 578 1102 3
594 1053 631 1092 sed
640 1053 699 1105 vitiis

29 1123 109 1163 Tiberii
118 1123 274 1173 virtutibusque
287 1123 396 1175 perpensis
406 1123 497 1174 potiores
507 1123 591 1162 duxisse
602 1123 699 1173 virtutes,

0 1204 18 1234 15
29 1193 153 1245 praesertim
161 1205 207 1232 cum
218 1196 239 1231 et
248 1194 279 1232 rei
288 1193 384 1245 publicae
394 1206 456 1232 causa
465 1193 564 1244 adoptare
574 1206 596 1232 se
606 1205 652 1232 eum
662 1207 699 1245 pro

13 1295 15 1297 .
29 1264 125 1302 contione
135 1263 242 1312 iurauerit,
253 1269 274 1302 et
282 1263 379 1314 epistulis
387 1263 468 1313 aliquot
475 1267 499 1301 ut
508 1263 658 1314 peritissimum
670 1264 700 1302 rei

29 1333 128 1372 militaris
136 1337 201 1384 utque
210 1333 296 1372 unicum
305 1333 382 1384 populo
392 1334 486 1372 Romano
495 1333 623 1384 praesidium
633 1347 699 1385 prose-

30 1407 112 1455 quatur.
136 1404 169 1442 Ex
177 1403 252 1454 quibus
262 1403 410 1454 inexemplum
420 1416 487 1454 pauca
495 1403 545 1441 hine
553 1403 602 1441 inde
610 1403 699 1443 subieci:
711 1422 715 1426 ¹

61 1492 115 1540 Vale,
131 1493 276 1529 iucruidissinie
292 1493 364 1540 Tiberi,
376 1492 490 1540 etfeliciter·
502 1503 544 1528 reia
556 1503 606 1541 pere,
618 1492 658 1541 ἐμοὶ
671 1492 700 1530 καὶ

9 1565 70 1603 ornis
86 1563 171 1602 Μούσαις
192 1564 307 1613 στρατηγῶν.
342 1563 490 1599 thcrrdissieie
506 1566 524 1598 et
542 1562 572 1598 ite
590 1562 628 1598 sira
642 1563 699 1610 felioc,

30 1635 62 1670 cir·
67 1633 179 1681 fortissime
189 1637 207 1669 et
216 1634 257 1669 [tric
266 1632 386 1682 νομιμώτατε,
397 1633 445 1670 uteie.

56 1702 151 1741 Ordinem
165 1704 287 1740 resticulum
301 1703 395 1740 tuorem!
422 1702 467 1751 Epo
482 1713 534 1750 uero,
549 1703 578 1739 rai
595 1702 667 1751 Tiberi,
682 1707 700 1740 et

29 1803 111 1832 Emets
122 1801 165 1831 ,mm
182 1774 234 1810 inter
243 1777 270 1809 tot
279 1785 347 1810 reruni
358 1773 483 1821 difficultates
493 1772 523 1809 καὶ
532 1773 626 1821 τοσαύτην
635 1774 701 1812 duodo

30 1852 136 1890 Augustus’s
182 1843 225 1892 μίαν
241 1844 278 1881 τῶν
296 1841 445 1893 στρατευομένων
466 1854 507 1879 icore
524 1843 614 1890 poluisse
636 1854 701 1891 qtteitt-

30 1903 91 1932 letters
182 1926 243 1962 picria
254 1916 375 1962 prudentius
389 1925 455 1962 perere
471 1925 490 1950 se
504 1924 564 1960 priora
577 1917 599 1949 tu
611 1914 699 1961 presseris,

31 1989 126 2025 existimo.
155 1987 176 2024 Ii
185 1996 261 2034 quoque
272 1986 307 2033 qui
319 1989 382 2022 tecum
393 1985 479 2032 ficerunt
492 1994 559 2020 circites
578 1983 700 2032 confiteatur,

30 2069 109 2095 bersum
120 2057 176 2094 illunc
186 2057 208 2092 iri
217 2060 234 2092 te
240 2066 299 2103 posse
309 2056 349 2092 dici
355 2067 362 2092 .·

141 2154 198 2194 isiciis
207 2153 264 2202 bomo
275 2153 331 2191 uobis
340 2153 443 2202 oipiluecio
452 2152 538 2189 restituit
546 2162 593 2188 rein.

58 2244 107 2284 Sive
119 2244 168 2292 quid
181 2244 252 2280 incidit
264 2244 288 2280 de
301 2254 339 2290 pico
351 2243 377 2279 sit
390 2242 517 2291 repitentibus
530 2241 650 2290 ciiii'pentius,
661 2242 702 2278 sice
738 2231 740 2234 ¹

1 2331 20 2361 30
31 2316 80 2364 quid
94 2314 205 2352 storriocltor
217 2313 368 2360 accidentaliter
377 2312 443 2359 fidius
459 2310 562 2347 Tiberium
573 2321 640 2348 ucecia
653 2312 702 2348 clesi-

31 2387 83 2433 dero,
94 2384 229 2431 succurritque
238 2393 307 2419 cerras
316 2382 349 2419 iile
359 2380 494 2418 Horaericos:

183 560 341 599 dissimulanter
359 573 441 599 morum
460 560 504 599 eius
524 560 630 599 diritatem
649 562 700 601 adeo
755 601 758 606 ,
