1520 2600
228 154 303 186 11111
318 151 508 187 11111111111.
592 121 594 131 ¹
679 144 706 187 23

35 273 115 322 legatos
127 269 260 321 compescuit,
271 281 297 307 ne
309 281 346 320 per
358 281 392 308 eos
405 269 488 319 quidem
500 268 543 308 uisi
554 272 676 308 cunctanter
687 274 707 308 et

35 340 157 381 necessario.
186 340 255 390 Reges
272 339 361 378 infestos
379 342 528 390 suspectosque
543 338 708 378 comminationi-

36 414 74 452 bus
88 410 155 461 magis
170 413 191 449 et
205 409 304 461 querellis
318 423 381 461 quam
394 410 416 449 ri
428 409 540 461 repressit3
556 410 655 461 quosdam
670 423 707 462 per

35 481 148 531 blanditias
159 484 221 531 atque
232 481 335 531 promissa
344 484 448 520 extractos
458 481 485 519 ad
498 493 519 520 se
531 494 574 519 non
585 481 672 530 remisit,
683 484 707 519 ut

36 553 188 593 Maroboduum
200 552 333 601 Germanum,
344 551 494 602 Rhascupolim
510 551 617 601 Thracem,
630 550 707 590 Arche·
718 563 727 591 5

36 625 93 663 laum
107 622 256 673 Cappadocem,
269 620 328 661 cuius
342 621 407 660 etiarn
421 613 508 671 regnum
522 620 546 659 11
559 621 648 660 formam
662 634 708 671 pro-

36 693 117 732 vinciae
127 692 213 743 redegit.

3 771 29 817 38Ι
63 762 152 802 Biennio
162 762 261 801 continuo
270 764 319 813 post
328 761 428 812 adeptum
437 760 550 812 imperium
562 761 636 812 pedem
646 764 708 813 porta

36 847 78 873 non
87 833 173 886 extulit,
189 833 285 884 sequenti
296 836 389 883 tempore
400 836 546 883 praeterquam
557 833 580 871 11
589 833 707 883 propinqua

37 904 114 955 oppida
137 906 163 952 et,
188 915 235 941 cum
257 902 385 952 longissime,
405 902 471 940 Antio
494 906 556 941 tenus
718 910 737 939 ro

37 987 140 1025 nusquam
163 973 224 1022 afuit,
243 973 306 1024 idque
329 985 413 1024 perraro
437 976 458 1011 et
480 985 556 1024 pausos
573 955 701 1035 &mmm

37 1044 92 1095 dies,
115 1043 211 1095 quamvis
230 1043 348 1094 provincias
365 1055 447 1094 quoque
464 1046 485 1082 et
501 1055 557 1082 exer-

38 1115 91 1153 citus
107 1113 225 1153 reuisurum
241 1126 264 1152 se
280 1125 341 1164 saepe
357 1113 515 1164 pronuntiasset
531 1118 552 1151 et
568 1125 632 1164 prope
650 1117 708 1164 quot-

580 1013 621 1035 eave
628 1005 679 1036 Rome

38 1184 97 1223 annis
112 1183 264 1234 profectionem
276 1186 415 1234 praepararet,
428 1183 531 1222 vehiculis
544 1182 706 1233 comprehensis,

38 1253 186 1292 commeatibus
205 1266 242 1304 per
261 1252 377 1303 mimioipia
396 1256 417 1291 et
436 1252 527 1292 colonias
546 1252 661 1303 dispositis,
681 1252 708 1291 ad
719 1263 737 1292 15

25 1326 153 1362 ,1111111111
167 1326 217 1361 rota
230 1336 268 1373 pro
282 1323 314 1361 itu
328 1326 350 1361 et
363 1322 433 1361 reditu
447 1335 485 1361 suo
499 1322 577 1374 suscipi
590 1335 671 1373 passus,
683 1326 708 1361 ut

38 1392 101 1442 vulgo
126 1392 168 1431 iam
195 1404 233 1443 1111
259 1393 326 1431 iocum
354 1392 478 1442 Callippidas
503 1396 612 1431 vocaretur
637 1392 707 1443 (quem

38 1462 139 1501 cursitare
155 1475 179 1501 ao
195 1475 221 1501 111
236 1462 302 1501 cubiti
316 1462 401 1513 quidem
417 1475 536 1502 mensuram
552 1463 649 1514 progredi
663 1475 708 1513 pro-

5 1539 29 1570 39
38 1532 109 1570 verbio
122 1532 201 1571 Graeco
214 1536 310 1571 notatum
323 1534 370 1585 est).
400 1532 441 1571 Sed
455 1534 539 1572 orbatus
553 1536 643 1583 utroque
656 1532 707 1582 filio,

39 1614 125 1652 quorum
143 1602 279 1642 Germanicus
295 1603 318 1640 in
335 1603 402 1653 Syria,
419 1603 501 1642 Drusus
517 1603 557 1641 Ro
597 1656 600 1661 .
718 1610 738 1639 ‘20

38 1683 83 1710 mae
107 1657 193 1721 obierat,
213 1684 317 1711 secessum
341 1672 467 1723 Campaniae
490 1673 555 1723 petit,
573 1655 708 1743 οᾜῗὲζωο

38 1741 143 1780 constanti
167 1746 187 1780 et
211 1741 308 1792 opinione
330 1745 351 1780 et
373 1755 467 1781 sermone
491 1755 556 1793 paene

38 1811 130 1850 omnium
142 1812 202 1862 qirasi
215 1824 282 1863 neque
295 1813 401 1851 rediturus
414 1825 515 1863 umquam
528 1817 550 1851 et
564 1813 606 1852 cito
619 1817 707 1852 mortem

38 1881 100 1919 etiam
120 1881 220 1920 obiturus.
256 1881 314 1927 Quod
332 1883 480 1933 paulominus
497 1886 609 1933 utrumque
626 1883 706 1932 evenit,

38 1962 86 1988 narn
99 1963 168 2001 neque
182 1952 271 1990 Romam
285 1951 375 2003 amplius
390 1952 459 2001 rediit,
475 1956 495 1991 et
509 1964 586 2003 paucos
600 1951 648 2002 post
663 1952 737 1992 diosas

38 2018 97 2058 iuxta
106 2020 242 2059 Tarracinam
251 2021 273 2059 in
283 2021 393 2072 praetorio,
404 2022 438 2060 oui
452 2022 567 2073 Speluncae
580 2034 655 2060 nomen
669 2025 706 2070 est,

8 2133 11 2135 ¹
30 2076 147 2128 incenante
159 2103 183 2129 eo
194 2090 301 2141 complura
313 2094 334 2130 et
346 2091 441 2141 ingentia
453 2092 605 2133 saxafortuito
618 2104 707 2142 superne

37 2156 123 2209 delapsa
132 2163 187 2208 sunt,
195 2160 310 2211 multisque
319 2161 454 2199 convivarum
462 2164 483 2200 et
491 2156 634 2200 ministrorum
642 2161 706 2210 elisis,

37 2231 118 2276 praeter
128 2241 187 2280 spem
196 2230 270 2269 erasit.

3 2302 28 2334 40
48 2292 49 2295 '
63 2297 177 2348 Peragrata
192 2300 312 2351 Campania,
328 2286 374 2340 oum
390 2302 473 2352 Capuae
489 2301 623 2352 Capitolium,
640 2301 707 2339 Nolae
718 2313 738 2342 30

37 2367 147 2417 templum
157 2368 255 2418 Augusti,
272 2382 336 2420 quam
354 2382 438 2409 oausam
456 2370 594 2421 profectionis
612 2358 707 2421 praeten-

37 2433 101 2485 derat,
108 2437 235 2487 dedicasset,
246 2431 336 2489 Capreas
351 2451 373 2477 se
387 2439 483 2488 contulit,
493 2439 604 2490 praecipue
619 2439 708 2479 delecta-
