1520 2600
65 128 107 169 126
134 136 153 169 0
168 137 273 169 sunrour
286 136 438 176 rnnuournnr
452 137 485 168 nn
498 137 559 169 auru
574 137 708 170 0100111011

24 252 27 256 “
65 251 182 291 summissis
196 250 232 302 qui
246 254 267 289 et
279 251 358 289 Romae
373 253 489 290 morantem
500 250 575 291 litibus
586 254 607 291 et
620 250 642 290 in
654 264 736 291 secessu

64 321 207 372 quiescentem
218 333 255 371 per
265 321 359 359 convicia
371 325 392 359 et
405 322 460 359 iocos
474 325 528 359 terra
541 321 635 372 marique
647 326 737 373 praeter·

64 391 164 430 vehentes
185 390 333 441 inquietarent.
362 391 441 429 Verum
457 391 521 429 minis
538 391 582 430 eius
597 403 621 430 ac
635 391 736 431 violentia

63 461 149 500 territus
165 460 251 511 perdere
266 460 352 509 statuit3
373 464 455 498 etcum
470 465 501 499 ter
515 474 595 499 veneno
611 465 735 513 temptasset

42 543 51 572 5
63 532 192 582 sentiretque
203 531 304 569 antidotis
317 531 477 581 praemunitam,
487 531 600 581 lacunaria,
611 545 664 582 quae
673 536 736 571 noctu

63 613 126 652 super
144 601 283 639 dormientem
300 600 372 639 laxata
387 600 484 639 machina
503 601 628 651 deciderent,
645 602 733 653 paravit.

62 672 110 710 Hoc
120 671 207 710 consilio
217 684 255 721 per
265 670 358 710 conscios
369 684 442 721 parum
453 671 526 720 celato,
537 671 643 710 solutilem
653 684 733 721 navem,

62 742 122 780 cuius
131 741 167 779 rel
176 740 287 789 naufragio
294 740 328 778 vel
338 753 432 779 camarae
442 740 503 780 ruina
512 741 596 792 periret,
606 746 734 792 commentus

63 815 100 860 est,
113 815 176 861 atque
190 807 404 849 ita'reconouiatione
417 810 522 860 simulata,
533 810 689 850 iucundissimis
701 811 735 850 lit

32 890 51 919 10
62 881 113 919 teris
127 881 191 919 Baias
208 880 304 918 evocarit
318 880 345 918 ad
362 880 473 919 sollemnia
486 881 654 931 Quinquatruum
671 881 735 920 simul

62 950 196 999 celebranda,
212 950 303 1000 datoque
317 949 400 1000 negotio
414 949 542 1000 trierarchis,
557 950 594 1001 qui
609 950 734 990 liburnicam

62 1033 104 1071 qua
117 1021 205 1059 aduecta
221 1023 266 1058 erat
280 1019 339 1058 velut
352 1020 442 1058 fortuito
456 1033 557 1059 concursu
571 1021 732 1070 confringerent,

61 1090 166 1141 protraxit
181 1089 306 1138 convivium,
321 1090 467 1140 repetentique
481 1076 559 1129 Baulos
574 1090 595 1128 in
610 1090 679 1129 locum
692 1103 734 1129 cor-

61 1160 119 1211 rupti
129 1159 209 1209 navigii
221 1159 365 1198 machinosum
376 1146 431 1198 illud
441 1159 524 1208 obtulit,
534 1160 601 1199 hilare
611 1164 734 1216 prosecutus

32 1242 51 1270 15
62 1234 125 1281 atque
144 1230 167 1268 in
184 1230 281 1279 digressu
296 1229 387 1280 papillas
407 1242 489 1280 quoque
506 1230 644 1269 exosculatus.
679 1230 734 1268 Reli-

63 1313 127 1351 quum
141 1300 241 1351 temporis
256 1311 303 1337 cum
316 1312 392 1349 magna
405 1299 546 1351 trepidatione
560 1299 663 1350 vigilavit,
674 1312 735 1351 oppe-

62 1370 118 1409 riens
126 1374 247 1420 coeptorum
257 1370 343 1407 exitum.
372 1369 413 1408 Sed
420 1373 444 1408 ut
452 1369 534 1409 diversa
545 1370 615 1409 omnia
624 1370 734 1421 nandoque

62 1440 154 1479 erasisse
168 1452 214 1478 eam
225 1438 333 1489 comperit,
343 1439 404 1490 inops
416 1439 499 1479 consilii
512 1440 535 1477 L.
546 1439 662 1489 Agerinum
674 1439 734 1478 liber-

62 1514 107 1548 trrrn
121 1510 172 1558 eius,
184 1509 263 1548 salvam
277 1512 298 1547 et
311 1509 436 1548 incolumem
450 1522 497 1547 011111
509 1509 585 1559 gaudio
594 1509 733 1559 nuntiantem,

32 1589 51 1618 20
63 1579 144 1618 abiecto
157 1578 210 1617 clam
220 1578 280 1617 iuxta
291 1578 387 1636 pugione,
399 1582 424 1617 ut
435 1591 577 1629 percussorem
588 1578 628 1618 sibi
638 1580 735 1618 suborna-

62 1654 108 1688 tum
128 1648 193 1700 arripi
212 1648 368 1699 constringique
387 1648 455 1698 iussit,
474 1652 563 1688 matrem
582 1648 654 1699 occidi,
674 1647 734 1700 quasi

63 1719 216 1770 deprehensum
229 1718 307 1757 crimen
318 1718 439 1757 voluntaria
450 1723 516 1757 morte
528 1718 620 1757 vitasset.
650 1719 734 1758 Addun-

62 1792 97 1827 tur
111 1789 145 1827 liis
160 1787 268 1836 atrociora,
282 1800 321 1826 nec
337 1787 424 1827 incertis
440 1788 567 1827 auctoribus:
583 1789 610 1827 ad
623 1780 734 1827 visendum

63 1859 187 1898 interiectae
199 1858 288 1897 cadaver
300 1858 418 1908 accurrisse,
433 1862 572 1898 contrectasse
584 1858 682 1908 membra,
693 1858 735 1898 alia

32 1938 51 1966 25
62 1929 199 1980 vituperasse,
210 1928 252 1967 alia
263 1928 366 1977 laudasse,
377 1928 454 1978 sitique
467 1927 552 1967 interim
565 1929 638 1968 oborta
650 1929 733 1968 bibisse.

62 2000 137 2051 Neque
151 2002 223 2038 tamen
237 1996 386 2038 conscientiam
401 1997 491 2048 sceleris,
506 2011 632 2050 quamquam
646 1998 735 2037 01111111-

62 2074 108 2108 turn
123 2073 143 2108 et
158 2073 242 2108 senatus
256 2068 370 2120 populique
382 2068 557 2119 gratulationibus
571 2068 733 2117 confirmaretur,

62 2144 99 2179 aut
113 2140 185 2178 statim
200 2143 236 2178 ant
252 2152 351 2190 umquam
366 2143 439 2191 postea
452 2139 507 2179 ferre
521 2139 596 2191 potuit,
612 2152 673 2191 saepe
690 2152 735 2178 con-

61 2211 132 2250 fessus
146 2209 249 2260 exagitari
264 2222 286 2249 se
300 2213 396 2249 materna
412 2210 481 2261 specie
497 2210 660 2261 uerberibusque
677 2210 735 2248 Furi-

32 2287 51 2316 30
63 2294 122 2320 arum
137 2293 161 2319 ac
178 2278 245 2319 taedis
263 2280 390 2320 ardentibus.
419 2280 474 2327 cuin
493 2284 515 2320 et
532 2281 589 2320 facto
608 2293 645 2332 per
661 2281 734 2331 Magos

63 2365 121 2391 sacro
137 2364 222 2390 euocare
237 2352 311 2390 Manes
329 2355 350 2390 et
367 2364 451 2390 exorare
467 2351 586 2403 temptavit.
615 2351 735 2401 Peregrina-

62 2423 119 2462 tione
135 2422 220 2474 quidem
236 2421 335 2461 Graeciae
350 2425 371 2460 et
387 2421 494 2461 Eleusinis
508 2420 579 2472 sacris,
594 2434 682 2474 quorum
697 2421 734 2460 ini-
