1520 2600
218 122 292 154 IIaan
308 122 343 155 III.
377 122 496 155 ricuinus.
666 112 694 154 19

24 239 121 290 siugulis,⁸
136 250 198 287 raeque
212 239 234 276 id
248 239 323 276 cta-Isse
337 250 368 276 oue
377 240 473 287 praemiet,
487 242 505 276 ct
519 238 579 276 oouos
592 242 610 275 et
621 248 695 286 creqzros

24 315 41 347 et
51 311 143 358 fucantes
152 320 187 346 uos
197 308 259 346 Isiou:
268 309 360 346 dominos
370 313 387 346 et
397 308 462 346 [tribue
471 308 538 345 hcrbco.

2 388 14 420 o
50 378 105 424 Quin
116 376 179 416 etiam
189 377 280 428 speciem
289 376 394 416 libertatis
402 377 507 429 quandam
516 376 607 426 induxit,
615 389 694 416 conser-

24 449 78 489 vatis
93 447 175 487 senatui
189 459 213 486 ac
225 446 383 502 magistratibus
399 449 420 485 et
433 447 545 485 maiestate
560 486 630 524 mm

23 519 113 571 pristina
129 521 150 557 et
166 520 276 569 potestate.
305 517 380 567 Neque
394 520 438 556 tam
455 530 543 567 parvum
560 536 667 566 alloweutne
704 529 714 558 5

23 590 135 641 quiequam
149 600 217 638 neque
233 590 278 626 tam
293 599 393 637 magnum
408 587 488 639 publici
502 586 543 638 pri·
560 587 620 641 senate
627 586 660 615 and

24 659 109 709 vatique
123 657 203 707 negotii
217 657 265 706 fuit,
281 657 307 695 de
321 669 361 708 quo
375 670 417 696 non
431 657 459 696 ad
472 660 542 708 patres
560 636 672 673 magrstrates

24 728 151 779 conscriptos
164 727 288 766 referretur:
306 727 331 765 de
341 726 479 777 vectigalibus
489 739 512 766 ac
523 728 654 779 monopoliis,
668 728 693 766 de

24 798 156 846 exstruendis
164 796 309 837 reficiendisue
315 797 418 848 operibus,
424 797 488 835 etiam
495 798 520 836 de
526 798 614 857 legendo
620 798 654 837 vei
662 811 695 837 ex-

24 869 151 923 auctorando
160 867 230 906 milite
240 879 264 911 ac
270 867 377 916 legionum
385 871 406 905 et
414 867 539 906 auxiliorum
548 867 693 919 descriptione,
705 876 724 905 10

24 931 113 989 denique
129 937 205 988 quibus
222 936 334 988 imperium
352 937 459 988 prorogari
476 941 512 976 aut
529 938 695 977 extraordinaria

23 1009 78 1047 bella
88 1007 190 1056 mandari,
201 1007 253 1057 quid
265 1009 338 1056 etqua
349 1006 418 1045 forma
429 1019 502 1056 regum
516 1007 594 1046 litteris
607 1007 694 1047 rescribi

23 1078 120 1128 placeret.
149 1077 283 1115 Praefectum
292 1075 344 1125 alae,
352 1076 377 1115 de
385 1076 407 1114 vi
417 1079 438 1114 et
447 1076 527 1127 rapinis
537 1089 694 1126 reum-causam

23 1148 45 1185 in
62 1150 136 1186 senatu
153 1147 221 1185 dicere
239 1146 311 1195 coegit.
339 1146 460 1197 Numquam
479 1146 558 1185 curiam
575 1146 618 1186 nisi
637 1147 693 1187 solus

22 1217 121 1265 intravit3
136 1215 212 1255 lectica
224 1216 329 1266 quondam
343 1214 455 1255 introlatus
470 1228 536 1266 aeger,
547 1216 634 1255 comites
647 1229 659 1255 a
672 1229 693 1256 se
704 1226 723 1256 15

3 1287 117 1325 Iremovit.
151 1285 256 1331 Quaedam
272 1284 372 1324 adversus
388 1285 515 1324 sententiam
530 1298 589 1324 suam
603 1286 692 1335 decerni,

22 1369 48 1394 ne
58 1359 144 1406 questus
156 1355 240 1406 quidem
250 1359 287 1394 est.
316 1355 414 1405 Negante
423 1367 448 1394 eo
457 1355 573 1396 destinatos
586 1357 694 1406 magistra-

22 1429 56 1465 tus
70 1426 142 1465 abesse
157 1428 295 1476 oporterent
309 1428 429 1475 praesentes
443 1425 517 1464 honori
531 1426 692 1477 acquiescerent,

22 1499 105 1545 praetor
111 1495 233 1545 designatus
239 1494 326 1533 liberam
334 1494 459 1544 legationem
466 1495 592 1545 impetrarit.
613 1497 693 1535 Iterum

22 1568 125 1613 censente,
144 1568 169 1602 ut
187 1563 297 1603 Trebianis
319 1564 410 1612 legatam
430 1564 454 1602 in
473 1577 524 1615 opus
547 1565 597 1604 nori
615 1565 724 1604 theatrico

22 1634 132 1683 pecuniam
149 1634 176 1672 ad
191 1633 331 1672 munitionem
347 1633 394 1672 viae
409 1635 525 1687 transferre
539 1635 692 1684 concederetur,

23 1703 116 1753 optinere
132 1716 175 1742 non
189 1703 260 1754 potuit
275 1702 388 1753 quinrata
402 1703 500 1743 voluntas
516 1704 616 1753 legatoris
631 1709 692 1744 esset.

23 1772 75 1811 Oum
91 1776 175 1813 senatus
195 1771 313 1811 consultum
332 1785 370 1824 per
388 1773 536 1813 discessionem
556 1774 611 1813 forte
627 1774 692 1823 fieret,

23 1846 165 1882 transeuntem
182 1855 229 1881 eum
245 1842 268 1880 in
281 1842 370 1881 aiteram
385 1846 473 1893 partem,
490 1843 512 1881 in
529 1855 570 1893 qua
584 1844 692 1894 pauciores

22 1916 86 1961 erant,
98 1916 180 1952 secutus
191 1915 222 1951 est
232 1925 298 1951 nemo.
704 1924 723 1953 25

49 1982 123 2021 Cetera
131 1995 212 2034 quoque
222 1983 307 2023 nonnisi
317 1996 354 2034 per
361 1984 496 2033 magistratus
505 1988 526 2023 et
535 1983 580 2022 iure
588 1984 693 2023 ordinario

22 2052 142 2102 agebantur,
152 2056 212 2092 tanta
222 2045 331 2092 consulum
341 2053 464 2093 auctoritate
473 2057 498 2092 ut
509 2054 574 2103 legati
584 2066 610 2092 ex
619 2054 693 2093 Africa

22 2121 112 2160 adierint
123 2135 156 2162 eos
168 2128 283 2175 querentes,
294 2123 350 2162 trahi
362 2136 384 2163 se
394 2137 406 2162 a
419 2124 506 2163 Caesare
520 2124 546 2166 ad
558 2136 620 2174 quem
633 2123 693 2163 missi

21 2190 96 2231 forent.
125 2194 170 2233 Nec
178 2194 260 2240 mirum,
271 2207 316 2233 cum
327 2195 397 2246 palam
408 2199 463 2234 esset
472 2196 542 2247 ipsum
560 2218 685 2249 mimam„

22 2273 103 2312 quoque
114 2264 193 2302 eisdem
203 2267 224 2303 et
234 2276 342 2314 assurgere
356 2268 378 2304 et
390 2265 490 2304 decedere
501 2265 541 2304 via.
560 2268 674 2306 uspiayeuto
704 2271 724 2300 30

1 2330 129 2383 200rripuit
149 2332 268 2372 consulares
290 2334 415 2374 exercitibus
438 2334 543 2386 praeposi·
560 2317 680 2387 hignanulow

23 2403 61 2453 Ios,
77 2403 133 2453 quod
146 2416 189 2442 non
203 2404 229 2442 de
242 2403 304 2443 rebus
318 2404 383 2455 gestis
399 2404 481 2444 senatui
496 2404 616 2455 scriberent,
631 2406 694 2457 quod-
