1520 2600
194 138 269 170 nisan
284 139 307 172 v.
341 138 417 171 nivus
433 137 562 171 auronius.
672 126 715 169 105

43 255 143 302 ratusque
154 256 187 291 est
199 252 296 291 sollemni
308 252 427 303 principum
442 265 518 303 pompa
532 256 553 291 et
567 252 589 290 in
604 263 714 289 numerum

43 322 129 360 deorum
144 322 235 373 relatus:
255 334 316 372 quem
336 322 434 361 honorem
455 335 467 360 a
485 322 569 360 Nerone
588 320 714 360 destitutum

43 391 185 443 abolitumque
198 392 277 443 reoepit
290 405 339 431 mox
353 405 390 443 per
404 392 562 443 Vespasianum.

7 469 33 503 46
43 462 155 512 Praesagia
173 449 246 501 mortis
267 463 311 502 eius
334 463 447 514 praecipua
465 462 562 502 fuerumt:
581 495 641 534 boding
648 496 699 525 death

43 536 127 572 exortus
141 533 229 572 orinitae
244 533 322 583 stellae,
336 532 409 585 [quam
424 536 518 572 oometen
530 547 564 573 vo·
725 544 735 572 5

43 605 108 657 eant]
119 606 240 654 tantumque
250 604 276 643 de
286 604 343 643 eaelo
357 607 516 643 monumentum
531 603 596 644 Drusi
609 603 683 654 patris,
694 606 715 641 et

43 673 98 725 quod
108 673 180 712 eodem
190 678 244 713 aimo
254 686 280 712 ex
289 674 382 713 omnium
393 674 554 724 magistratuum
567 685 641 724 genere
654 673 715 725 pleri-

42 756 82 795 que
98 748 187 783 mortem
204 744 303 784 obierant.
333 745 374 784 Sed
390 758 428 784 neo
443 744 488 795 ipse
503 744 609 795 ignorasse
624 747 660 783 aut
675 744 715 783 dis-

43 814 152 853 simulasse
171 814 246 853 uitima
265 815 321 854 vitae
341 827 389 854 snae
411 819 506 866 tempora
523 815 614 868 uidetur,
634 814 715 865 aliquot

43 884 128 935 quidem
140 877 279 935 argumentis.
307 886 364 924 Nam
381 889 402 925 et
417 898 463 924 oum
479 885 574 925 eonsules
589 883 714 934 designaret,
726 892 745 921 10

42 954 148 993 neminem
156 955 212 994 nitra
221 967 313 995 mensem
324 968 365 1007 quo
375 955 427 995 obiit
437 955 562 1006 designavit,
571 958 592 994 et
601 954 623 993 in
634 957 713 1003 senatu,

43 1024 77 1063 eui
92 1018 207 1065 tovissime
223 1025 327 1073 interfuit,
344 1025 434 1065 multum
450 1026 477 1065 ad
492 1025 623 1065 oonoordiam
637 1024 714 1065 liberos

43 1107 90 1134 suos
106 1095 232 1145 cohortatus,
246 1096 357 1147 utriusque
372 1099 462 1135 aetatem
479 1095 602 1147 suppliciter
619 1095 714 1145 patribus

43 1165 202 1215 commendavit,
213 1168 234 1204 et
243 1165 266 1204 in
275 1165 351 1205 ultima
361 1165 478 1215 cognitione
488 1178 526 1217 pro
537 1164 639 1205 tribunali
653 1177 715 1204 acees-

42 1237 91 1273 sisse
101 1237 197 1284 adfinem
209 1238 344 1285 mortalitatis,
355 1248 481 1286 quamquam
493 1234 662 1275 abominantibus
677 1235 714 1286 qui
725 1245 744 1274 15

581 444 641 475 Omens
648 444 691 476 fore-

43 1294 161 1355 audiebant}
172 1304 237 1344 semel
246 1307 309 1357 atque
318 1305 395 1344 iterum
405 1305 555 1357 pronuntiavit.
