<?xml version="1.0" encoding="UTF-8"?>
<!DOCTYPE html PUBLIC "-//W3C//DTD XHTML 1.0 Transitional//EN"
    "http://www.w3.org/TR/xhtml1/DTD/xhtml1-transitional.dtd">
<html xmlns="http://www.w3.org/1999/xhtml" xml:lang="en" lang="en">
 <head>
  <title>
</title>
<meta http-equiv="Content-Type" content="text/html;charset=utf-8" />
  <meta name='ocr-system' content='tesseract 3.04.00' />
  <meta name='ocr-capabilities' content='ocr_page ocr_carea ocr_par ocr_line ocrx_word'/>
</head>
<body>
  <div class='ocr_page' id='page_1' title='image "MN40042ucmf_5_0096.png"; bbox 0 0 1520 2600; ppageno 0'>
   <div class='ocr_carea' id='block_1_1' title="bbox 56 125 689 174">
    <p class='ocr_par' dir='ltr' id='par_1_1' title="bbox 56 125 689 174">
     <span class='ocr_line' id='line_1_1' title="bbox 56 125 689 174; baseline -0.002 -8"><span class='ocrx_word' id='word_1_1' title='bbox 56 125 83 166; x_wconf 79' lang='grc'>56</span> <span class='ocrx_word' id='word_1_2' title='bbox 107 132 125 165; x_wconf 85' lang='lat' dir='ltr'>C.</span> <span class='ocrx_word' id='word_1_3' title='bbox 144 132 248 165; x_wconf 87' lang='lat' dir='ltr'>SUETONI</span> <span class='ocrx_word' id='word_1_4' title='bbox 262 134 413 174; x_wconf 81' lang='lat' dir='ltr'><strong>TRANQUILLI</strong></span> <span class='ocrx_word' id='word_1_5' title='bbox 429 134 462 165; x_wconf 81' lang='lat' dir='ltr'>DE</span> <span class='ocrx_word' id='word_1_6' title='bbox 476 134 537 166; x_wconf 81' lang='lat' dir='ltr'><strong>VITA</strong></span> <span class='ocrx_word' id='word_1_7' title='bbox 553 134 689 167; x_wconf 73' lang='lat' dir='ltr'><strong>CAESARUM</strong></span> 
     </span>
    </p>
   </div>
   <div class='ocr_carea' id='block_1_2' title="bbox 10 248 748 2474">
    <p class='ocr_par' dir='ltr' id='par_1_2' title="bbox 10 248 748 2474">
     <span class='ocr_line' id='line_1_2' title="bbox 55 248 726 299; baseline 0.001 -13"><span class='ocrx_word' id='word_1_8' title='bbox 55 260 95 299; x_wconf 90' lang='lat' dir='ltr'>que</span> <span class='ocrx_word' id='word_1_9' title='bbox 105 251 166 299; x_wconf 84' lang='lat' dir='ltr'>pacto</span> <span class='ocrx_word' id='word_1_10' title='bbox 173 248 301 298; x_wconf 84' lang='lat' dir='ltr'>tractaverit,</span> <span class='ocrx_word' id='word_1_11' title='bbox 311 248 453 288; x_wconf 75' lang='lat' dir='ltr'>Ptolemaeum</span> <span class='ocrx_word' id='word_1_12' title='bbox 461 249 516 299; x_wconf 84' lang='lat' dir='ltr'>regis</span> <span class='ocrx_word' id='word_1_13' title='bbox 527 249 591 288; x_wconf 82' lang='lat' dir='ltr'>Iubae</span> <span class='ocrx_word' id='word_1_14' title='bbox 598 249 671 298; x_wconf 89' lang='lat' dir='ltr'>filium,</span> <span class='ocrx_word' id='word_1_15' title='bbox 680 261 726 289; x_wconf 90' lang='lat' dir='ltr'>con-</span> 
     </span>
     <span class='ocr_line' id='line_1_3' title="bbox 55 303 726 371; baseline 0.001 -14"><span class='ocrx_word' id='word_1_16' title='bbox 55 318 162 358; x_wconf 82' lang='lat' dir='ltr'>sobrinum</span> <span class='ocrx_word' id='word_1_17' title='bbox 177 331 243 367; x_wconf 87' lang='lat' dir='ltr'>suum,</span> <span class='ocrx_word' id='word_1_18' title='bbox 259 319 313 371; x_wconf 84' lang='lat' dir='ltr'>(erat</span> <span class='ocrx_word' id='word_1_19' title='bbox 327 319 383 357; x_wconf 90' lang='lat' dir='ltr'>enim</span> <span class='ocrx_word' id='word_1_20' title='bbox 397 323 418 358; x_wconf 91' lang='lat' dir='ltr'>et</span> <span class='ocrx_word' id='word_1_21' title='bbox 433 319 451 358; x_wconf 90' lang='lat' dir='ltr'>is</span> <span class='ocrx_word' id='word_1_22' title='bbox 468 320 497 357; x_wconf 80' lang='lat' dir='ltr'>nr.</span> <span class='ocrx_word' id='word_1_23' title='bbox 508 303 597 358; x_wconf 82' lang='lat' dir='ltr'>Antonii</span> <span class='ocrx_word' id='word_1_24' title='bbox 611 332 637 358; x_wconf 78' lang='lat' dir='ltr'>ex</span> <span class='ocrx_word' id='word_1_25' title='bbox 652 319 726 358; x_wconf 78' lang='lat' dir='ltr'>Selene</span> 
     </span>
     <span class='ocr_line' id='line_1_4' title="bbox 55 375 725 441; baseline 0.001 -14"><span class='ocrx_word' id='word_1_26' title='bbox 55 389 101 427; x_wconf 86' lang='lat' dir='ltr'>filia</span> <span class='ocrx_word' id='word_1_27' title='bbox 109 390 183 441; x_wconf 85' lang='lat' dir='ltr'>nepos)</span> <span class='ocrx_word' id='word_1_28' title='bbox 194 392 215 427; x_wconf 91' lang='lat' dir='ltr'>et</span> <span class='ocrx_word' id='word_1_29' title='bbox 224 390 247 427; x_wconf 89' lang='lat' dir='ltr'>in</span> <span class='ocrx_word' id='word_1_30' title='bbox 256 389 329 439; x_wconf 82' lang='lat' dir='ltr'>primis</span> <span class='ocrx_word' id='word_1_31' title='bbox 338 390 407 440; x_wconf 85' lang='lat' dir='ltr'>ipsum</span> <span class='ocrx_word' id='word_1_32' title='bbox 417 390 543 439; x_wconf 85' lang='lat' dir='ltr'>Macronem,</span> <span class='ocrx_word' id='word_1_33' title='bbox 550 390 619 440; x_wconf 87' lang='lat' dir='ltr'>ipsam</span> <span class='ocrx_word' id='word_1_34' title='bbox 624 375 725 439; x_wconf 74' lang='lat' dir='ltr'>Enniam,</span> 
     </span>
     <span class='ocr_line' id='line_1_5' title="bbox 55 459 726 510; baseline 0.001 -13"><span class='ocrx_word' id='word_1_35' title='bbox 55 459 160 498; x_wconf 87' lang='lat' dir='ltr'>adiutores</span> <span class='ocrx_word' id='word_1_36' title='bbox 169 459 263 509; x_wconf 88' lang='lat' dir='ltr'>imperii:</span> <span class='ocrx_word' id='word_1_37' title='bbox 276 459 351 509; x_wconf 88' lang='lat' dir='ltr'>quibus</span> <span class='ocrx_word' id='word_1_38' title='bbox 359 460 502 510; x_wconf 77' lang='lat' dir='ltr'>omnibus‘pro</span> <span class='ocrx_word' id='word_1_39' title='bbox 512 460 674 499; x_wconf 74' lang='lat' dir='ltr'>necessitudinis</span> <span class='ocrx_word' id='word_1_40' title='bbox 681 459 726 499; x_wconf 92' lang='lat' dir='ltr'>iure</span> 
     </span>
     <span class='ocr_line' id='line_1_6' title="bbox 35 516 669 581; baseline 0.008 -17"><span class='ocrx_word' id='word_1_41' title='bbox 35 535 45 564; x_wconf 81' lang='lat'>5</span> <span class='ocrx_word' id='word_1_42' title='bbox 55 516 266 581; x_wconf 83' lang='lat' dir='ltr'>proqnemeritorum</span> <span class='ocrx_word' id='word_1_43' title='bbox 276 530 344 579; x_wconf 84' lang='lat' dir='ltr'>gratia</span> <span class='ocrx_word' id='word_1_44' title='bbox 354 534 440 580; x_wconf 85' lang='lat' dir='ltr'>cruenta</span> <span class='ocrx_word' id='word_1_45' title='bbox 449 543 504 570; x_wconf 91' lang='lat' dir='ltr'>mors</span> <span class='ocrx_word' id='word_1_46' title='bbox 515 530 622 581; x_wconf 86' lang='lat' dir='ltr'>persoluta</span> <span class='ocrx_word' id='word_1_47' title='bbox 632 534 669 569; x_wconf 90' lang='lat' dir='ltr'>est.</span> 
     </span>
     <span class='ocr_line' id='line_1_7' title="bbox 82 600 727 651; baseline 0.002 -14"><span class='ocrx_word' id='word_1_48' title='bbox 82 600 156 638; x_wconf 82' lang='lat' dir='ltr'>Nihilo</span> <span class='ocrx_word' id='word_1_49' title='bbox 175 600 302 639; x_wconf 80' lang='lat' dir='ltr'>reverentior</span> <span class='ocrx_word' id='word_1_50' title='bbox 320 600 413 639; x_wconf 75' lang='lat' dir='ltr'>leniorue</span> <span class='ocrx_word' id='word_1_51' title='bbox 435 613 484 650; x_wconf 84' lang='lat' dir='ltr'>erga</span> <span class='ocrx_word' id='word_1_52' title='bbox 505 605 607 649; x_wconf 84' lang='lat' dir='ltr'>senatum,</span> <span class='ocrx_word' id='word_1_53' title='bbox 627 601 727 651; x_wconf 86' lang='lat' dir='ltr'>quosdam</span> 
     </span>
     <span class='ocr_line' id='line_1_8' title="bbox 10 662 728 710; baseline 0.001 -1"><span class='ocrx_word' id='word_1_54' title='bbox 10 698 12 701; x_wconf 32' lang='lat' dir='ltr'>v</span> <span class='ocrx_word' id='word_1_55' title='bbox 57 671 143 710; x_wconf 87' lang='lat' dir='ltr'>summis</span> <span class='ocrx_word' id='word_1_56' title='bbox 159 671 273 709; x_wconf 89' lang='lat' dir='ltr'>honoribus</span> <span class='ocrx_word' id='word_1_57' title='bbox 288 670 373 709; x_wconf 73' lang='lat' dir='ltr'>functos</span> <span class='ocrx_word' id='word_1_58' title='bbox 391 672 417 709; x_wconf 91' lang='lat' dir='ltr'>ad</span> <span class='ocrx_word' id='word_1_59' title='bbox 434 662 529 710; x_wconf 77' lang='lat' dir='ltr'>essedum</span> <span class='ocrx_word' id='word_1_60' title='bbox 545 671 586 710; x_wconf 86' lang='lat' dir='ltr'>sibi</span> <span class='ocrx_word' id='word_1_61' title='bbox 603 683 684 709; x_wconf 91' lang='lat' dir='ltr'>currere</span> <span class='ocrx_word' id='word_1_62' title='bbox 698 674 728 710; x_wconf 81' lang='lat' dir='ltr'>to</span> 
     </span>
     <span class='ocr_line' id='line_1_9' title="bbox 57 741 728 792; baseline 0 -13"><span class='ocrx_word' id='word_1_63' title='bbox 57 745 115 792; x_wconf 85' lang='lat' dir='ltr'>gatos</span> <span class='ocrx_word' id='word_1_64' title='bbox 134 754 171 792; x_wconf 81' lang='lat' dir='ltr'>per</span> <span class='ocrx_word' id='word_1_65' title='bbox 190 741 270 791; x_wconf 75' lang='lat' dir='ltr'>aliquot</span> <span class='ocrx_word' id='word_1_66' title='bbox 286 753 387 791; x_wconf 77' lang='lat' dir='ltr'>passuum</span> <span class='ocrx_word' id='word_1_67' title='bbox 403 741 468 790; x_wconf 86' lang='lat' dir='ltr'>milia,</span> <span class='ocrx_word' id='word_1_68' title='bbox 486 746 507 779; x_wconf 92' lang='lat' dir='ltr'>et</span> <span class='ocrx_word' id='word_1_69' title='bbox 524 743 607 780; x_wconf 91' lang='lat' dir='ltr'>cenanti</span> <span class='ocrx_word' id='word_1_70' title='bbox 623 741 684 779; x_wconf 88' lang='lat' dir='ltr'>modo</span> <span class='ocrx_word' id='word_1_71' title='bbox 701 742 728 780; x_wconf 89' lang='lat' dir='ltr'>ad</span> 
     </span>
     <span class='ocr_line' id='line_1_10' title="bbox 56 811 727 863; baseline 0 -14"><span class='ocrx_word' id='word_1_72' title='bbox 56 812 150 863; x_wconf 78' lang='lat' dir='ltr'>pluteum</span> <span class='ocrx_word' id='word_1_73' title='bbox 167 812 228 850; x_wconf 88' lang='lat' dir='ltr'>modo</span> <span class='ocrx_word' id='word_1_74' title='bbox 243 811 270 850; x_wconf 86' lang='lat' dir='ltr'>ad</span> <span class='ocrx_word' id='word_1_75' title='bbox 284 812 347 862; x_wconf 84' lang='lat' dir='ltr'>pedes</span> <span class='ocrx_word' id='word_1_76' title='bbox 365 815 420 850; x_wconf 87' lang='lat' dir='ltr'>stare</span> <span class='ocrx_word' id='word_1_77' title='bbox 437 811 553 850; x_wconf 88' lang='lat' dir='ltr'>succinctos</span> <span class='ocrx_word' id='word_1_78' title='bbox 570 811 636 850; x_wconf 90' lang='lat' dir='ltr'>linteo</span> <span class='ocrx_word' id='word_1_79' title='bbox 653 823 727 862; x_wconf 89' lang='lat' dir='ltr'>passus</span> 
     </span>
     <span class='ocr_line' id='line_1_11' title="bbox 27 882 742 961; baseline 0 -40"><span class='ocrx_word' id='word_1_80' title='bbox 27 887 46 916; x_wconf 92' lang='lat'>10</span> <span class='ocrx_word' id='word_1_81' title='bbox 57 923 126 961; x_wconf 76' lang='lat' dir='ltr'>emelry</span> <span class='ocrx_word' id='word_1_82' title='bbox 133 924 151 953; x_wconf 86' lang='lat' dir='ltr'>to</span> <span class='ocrx_word' id='word_1_83' title='bbox 209 886 248 932; x_wconf 70' lang='lat' dir='ltr'>est,</span> <span class='ocrx_word' id='word_1_84' title='bbox 260 882 311 921; x_wconf 89' lang='lat' dir='ltr'>alios</span> <span class='ocrx_word' id='word_1_85' title='bbox 319 895 366 924; x_wconf 89' lang='lat' dir='ltr'>cum</span> <span class='ocrx_word' id='word_1_86' title='bbox 374 882 428 921; x_wconf 89' lang='lat' dir='ltr'>clam</span> <span class='ocrx_word' id='word_1_87' title='bbox 435 883 583 931; x_wconf 88' lang='lat' dir='ltr'>interemisset,</span> <span class='ocrx_word' id='word_1_88' title='bbox 591 883 655 921; x_wconf 87' lang='lat' dir='ltr'>citare</span> <span class='ocrx_word' id='word_1_89' title='bbox 661 882 728 921; x_wconf 90' lang='lat' dir='ltr'>nihilo</span> <span class='ocrx_word' id='word_1_90' title='bbox 740 945 742 948; x_wconf 88' lang='lat'>.</span> 
     </span>
     <span class='ocr_line' id='line_1_12' title="bbox 22 952 727 1011; baseline 0.001 -21"><span class='ocrx_word' id='word_1_91' title='bbox 22 976 26 981; x_wconf 75' lang='lat'><em>›</em></span> <span class='ocrx_word' id='word_1_92' title='bbox 58 973 123 1011; x_wconf 80' lang='lat' dir='ltr'>senate,</span> <span class='ocrx_word' id='word_1_93' title='bbox 129 973 192 1011; x_wconf 72' lang='lat' dir='ltr'>magis-</span> <span class='ocrx_word' id='word_1_94' title='bbox 208 952 277 991; x_wconf 83' lang='lat' dir='ltr'>minus</span> <span class='ocrx_word' id='word_1_95' title='bbox 287 955 312 990; x_wconf 90' lang='lat' dir='ltr'>ut</span> <span class='ocrx_word' id='word_1_96' title='bbox 322 952 381 991; x_wconf 85' lang='lat' dir='ltr'>viros</span> <span class='ocrx_word' id='word_1_97' title='bbox 388 952 536 1003; x_wconf 84' lang='lat' dir='ltr'>perseveravit,</span> <span class='ocrx_word' id='word_1_98' title='bbox 544 964 620 1003; x_wconf 86' lang='lat' dir='ltr'>pancos</span> <span class='ocrx_word' id='word_1_99' title='bbox 628 955 676 1003; x_wconf 86' lang='lat' dir='ltr'>post</span> <span class='ocrx_word' id='word_1_100' title='bbox 684 952 727 991; x_wconf 87' lang='lat' dir='ltr'>dies</span> 
     </span>
     <span class='ocr_line' id='line_1_13' title="bbox 56 1022 728 1074; baseline 0 -14"><span class='ocrx_word' id='word_1_101' title='bbox 56 1023 118 1059; x_wconf 57' lang='lat' dir='ltr'>states,</span> <span class='ocrx_word' id='word_1_102' title='bbox 126 1024 158 1052; x_wconf 79' lang='lat' dir='ltr'>and</span> <span class='ocrx_word' id='word_1_103' title='bbox 210 1022 328 1061; x_wconf 87' lang='lat' dir='ltr'>voluntaria</span> <span class='ocrx_word' id='word_1_104' title='bbox 337 1026 403 1061; x_wconf 88' lang='lat' dir='ltr'>morte</span> <span class='ocrx_word' id='word_1_105' title='bbox 411 1023 490 1074; x_wconf 85' lang='lat' dir='ltr'>perisse</span> <span class='ocrx_word' id='word_1_106' title='bbox 498 1022 605 1062; x_wconf 85' lang='lat' dir='ltr'>mentitus.</span> <span class='ocrx_word' id='word_1_107' title='bbox 635 1022 728 1061; x_wconf 79' lang='lat' dir='ltr'>Consuli-</span> 
     </span>
     <span class='ocr_line' id='line_1_14' title="bbox 56 1072 728 1142; baseline -0.003 -10"><span class='ocrx_word' id='word_1_108' title='bbox 56 1072 114 1110; x_wconf 65' lang='lat' dir='ltr'>propre</span> <span class='ocrx_word' id='word_1_109' title='bbox 209 1093 247 1132; x_wconf 85' lang='lat' dir='ltr'>bus</span> <span class='ocrx_word' id='word_1_110' title='bbox 264 1092 335 1132; x_wconf 87' lang='lat' dir='ltr'>oblitis</span> <span class='ocrx_word' id='word_1_111' title='bbox 351 1092 377 1131; x_wconf 90' lang='lat' dir='ltr'>de</span> <span class='ocrx_word' id='word_1_112' title='bbox 391 1092 457 1131; x_wconf 87' lang='lat' dir='ltr'>natali</span> <span class='ocrx_word' id='word_1_113' title='bbox 472 1105 509 1131; x_wconf 88' lang='lat' dir='ltr'>suo</span> <span class='ocrx_word' id='word_1_114' title='bbox 524 1092 604 1131; x_wconf 90' lang='lat' dir='ltr'>edicere</span> <span class='ocrx_word' id='word_1_115' title='bbox 619 1092 728 1142; x_wconf 83' lang='lat' dir='ltr'>abrogavit</span> 
     </span>
     <span class='ocr_line' id='line_1_15' title="bbox 58 1160 728 1214; baseline 0.003 -16"><span class='ocrx_word' id='word_1_116' title='bbox 58 1160 210 1211; x_wconf 83' lang='lat' dir='ltr'>magistratum,</span> <span class='ocrx_word' id='word_1_117' title='bbox 220 1163 303 1213; x_wconf 80' lang='lat' dir='ltr'>fuitque</span> <span class='ocrx_word' id='word_1_118' title='bbox 316 1175 353 1214; x_wconf 84' lang='lat' dir='ltr'>per</span> <span class='ocrx_word' id='word_1_119' title='bbox 366 1162 461 1201; x_wconf 88' lang='lat' dir='ltr'>triduum</span> <span class='ocrx_word' id='word_1_120' title='bbox 473 1162 518 1201; x_wconf 93' lang='lat' dir='ltr'>sine</span> <span class='ocrx_word' id='word_1_121' title='bbox 532 1176 612 1201; x_wconf 89' lang='lat' dir='ltr'>summa</span> <span class='ocrx_word' id='word_1_122' title='bbox 623 1166 728 1213; x_wconf 72' lang='lat' dir='ltr'>potestate</span> 
     </span>
     <span class='ocr_line' id='line_1_16' title="bbox 27 1232 726 1281; baseline 0.004 -14"><span class='ocrx_word' id='word_1_123' title='bbox 27 1238 46 1267; x_wconf 83' lang='lat'>15</span> <span class='ocrx_word' id='word_1_124' title='bbox 57 1243 89 1270; x_wconf 91' lang='lat' dir='ltr'>res</span> <span class='ocrx_word' id='word_1_125' title='bbox 97 1232 186 1281; x_wconf 82' lang='lat' dir='ltr'>publica.</span> <span class='ocrx_word' id='word_1_126' title='bbox 206 1232 341 1279; x_wconf 76' lang='lat' dir='ltr'>Quaestorem</span> <span class='ocrx_word' id='word_1_127' title='bbox 349 1246 409 1272; x_wconf 89' lang='lat' dir='ltr'>suum</span> <span class='ocrx_word' id='word_1_128' title='bbox 417 1233 440 1271; x_wconf 91' lang='lat' dir='ltr'>in</span> <span class='ocrx_word' id='word_1_129' title='bbox 447 1232 726 1271; x_wconf 76' lang='lat' dir='ltr'>coniuratione&#39;norninatum</span> 
     </span>
     <span class='ocr_line' id='line_1_17' title="bbox 57 1301 727 1353; baseline 0.003 -14"><span class='ocrx_word' id='word_1_130' title='bbox 57 1301 178 1351; x_wconf 83' lang='lat' dir='ltr'>flagellavit,</span> <span class='ocrx_word' id='word_1_131' title='bbox 193 1306 251 1342; x_wconf 87' lang='lat' dir='ltr'>veste</span> <span class='ocrx_word' id='word_1_132' title='bbox 265 1302 359 1342; x_wconf 88' lang='lat' dir='ltr'>detracta</span> <span class='ocrx_word' id='word_1_133' title='bbox 374 1303 507 1352; x_wconf 87' lang='lat' dir='ltr'>subiectaque</span> <span class='ocrx_word' id='word_1_134' title='bbox 524 1302 616 1340; x_wconf 82' lang='lat' dir='ltr'>militum</span> <span class='ocrx_word' id='word_1_135' title='bbox 632 1302 727 1353; x_wconf 84' lang='lat' dir='ltr'>pedibus,</span> 
     </span>
     <span class='ocr_line' id='line_1_18' title="bbox 58 1371 721 1425; baseline 0.005 -15"><span class='ocrx_word' id='word_1_136' title='bbox 58 1384 99 1422; x_wconf 92' lang='lat' dir='ltr'>quo</span> <span class='ocrx_word' id='word_1_137' title='bbox 108 1371 167 1411; x_wconf 86' lang='lat' dir='ltr'>firme</span> <span class='ocrx_word' id='word_1_138' title='bbox 177 1373 307 1412; x_wconf 86' lang='lat' dir='ltr'>verberaturi</span> <span class='ocrx_word' id='word_1_139' title='bbox 317 1374 445 1412; x_wconf 89' lang='lat' dir='ltr'>insisterent.</span> <span class='ocrx_word' id='word_1_140' title='bbox 718 1421 721 1425; x_wconf 95' lang='lat'><em>.</em></span> 
     </span>
     <span class='ocr_line' id='line_1_19' title="bbox 85 1441 726 1493; baseline 0.003 -14"><span class='ocrx_word' id='word_1_141' title='bbox 85 1441 154 1480; x_wconf 83' lang='lat' dir='ltr'>Simili</span> <span class='ocrx_word' id='word_1_142' title='bbox 167 1444 265 1493; x_wconf 84' lang='lat' dir='ltr'>superbia</span> <span class='ocrx_word' id='word_1_143' title='bbox 276 1443 418 1493; x_wconf 85' lang='lat' dir='ltr'>violentiaque</span> <span class='ocrx_word' id='word_1_144' title='bbox 432 1447 512 1482; x_wconf 91' lang='lat' dir='ltr'>ceteros</span> <span class='ocrx_word' id='word_1_145' title='bbox 525 1443 624 1481; x_wconf 85' lang='lat' dir='ltr'>tractavit</span> <span class='ocrx_word' id='word_1_146' title='bbox 637 1443 726 1481; x_wconf 85' lang='lat' dir='ltr'>ordines.</span> 
     </span>
     <span class='ocr_line' id='line_1_20' title="bbox 57 1512 727 1563; baseline 0.001 -13"><span class='ocrx_word' id='word_1_147' title='bbox 57 1512 189 1562; x_wconf 77' lang='lat' dir='ltr'>Inquietatus</span> <span class='ocrx_word' id='word_1_148' title='bbox 200 1513 286 1551; x_wconf 78' lang='lat' dir='ltr'>fremitu</span> <span class='ocrx_word' id='word_1_149' title='bbox 297 1513 389 1563; x_wconf 83' lang='lat' dir='ltr'>gratuita</span> <span class='ocrx_word' id='word_1_150' title='bbox 399 1512 421 1551; x_wconf 90' lang='lat' dir='ltr'>in</span> <span class='ocrx_word' id='word_1_151' title='bbox 431 1513 485 1551; x_wconf 86' lang='lat' dir='ltr'>circo</span> <span class='ocrx_word' id='word_1_152' title='bbox 496 1513 542 1551; x_wconf 89' lang='lat' dir='ltr'>loca</span> <span class='ocrx_word' id='word_1_153' title='bbox 552 1513 577 1551; x_wconf 90' lang='lat' dir='ltr'>de</span> <span class='ocrx_word' id='word_1_154' title='bbox 588 1513 657 1551; x_wconf 85' lang='lat' dir='ltr'>media</span> <span class='ocrx_word' id='word_1_155' title='bbox 667 1517 727 1551; x_wconf 90' lang='lat' dir='ltr'>nocte</span> 
     </span>
     <span class='ocr_line' id='line_1_21' title="bbox 27 1580 728 1633; baseline 0.001 -13"><span class='ocrx_word' id='word_1_156' title='bbox 27 1591 46 1620; x_wconf 84' lang='lat'>20</span> <span class='ocrx_word' id='word_1_157' title='bbox 58 1583 209 1632; x_wconf 79' lang='lat' dir='ltr'>occupantium,</span> <span class='ocrx_word' id='word_1_158' title='bbox 218 1583 285 1622; x_wconf 88' lang='lat' dir='ltr'>omnis</span> <span class='ocrx_word' id='word_1_159' title='bbox 293 1583 386 1622; x_wconf 82' lang='lat' dir='ltr'>fustibus</span> <span class='ocrx_word' id='word_1_160' title='bbox 396 1580 477 1633; x_wconf 69' lang='lat' dir='ltr'>abegit,</span> <span class='ocrx_word' id='word_1_161' title='bbox 492 1583 539 1622; x_wconf 89' lang='lat' dir='ltr'>elisi</span> <span class='ocrx_word' id='word_1_162' title='bbox 549 1595 586 1633; x_wconf 85' lang='lat' dir='ltr'>per</span> <span class='ocrx_word' id='word_1_163' title='bbox 596 1595 642 1621; x_wconf 89' lang='lat' dir='ltr'>eum</span> <span class='ocrx_word' id='word_1_164' title='bbox 652 1583 728 1621; x_wconf 86' lang='lat' dir='ltr'>tumul-</span> 
     </span>
     <span class='ocr_line' id='line_1_22' title="bbox 57 1652 726 1704; baseline 0.001 -14"><span class='ocrx_word' id='word_1_165' title='bbox 57 1655 103 1691; x_wconf 86' lang='lat' dir='ltr'>tum</span> <span class='ocrx_word' id='word_1_166' title='bbox 115 1653 192 1702; x_wconf 85' lang='lat' dir='ltr'>viginti</span> <span class='ocrx_word' id='word_1_167' title='bbox 205 1653 295 1704; x_wconf 81' lang='lat' dir='ltr'>amplius</span> <span class='ocrx_word' id='word_1_168' title='bbox 310 1653 391 1704; x_wconf 83' lang='lat' dir='ltr'>equites</span> <span class='ocrx_word' id='word_1_169' title='bbox 404 1652 501 1701; x_wconf 77' lang='lat' dir='ltr'>Romani,</span> <span class='ocrx_word' id='word_1_170' title='bbox 512 1653 600 1691; x_wconf 88' lang='lat' dir='ltr'>totidem</span> <span class='ocrx_word' id='word_1_171' title='bbox 614 1656 726 1702; x_wconf 81' lang='lat' dir='ltr'>matronae,</span> 
     </span>
     <span class='ocr_line' id='line_1_23' title="bbox 58 1722 727 1773; baseline 0.001 -12"><span class='ocrx_word' id='word_1_172' title='bbox 58 1735 125 1773; x_wconf 86' lang='lat' dir='ltr'>snper·</span> <span class='ocrx_word' id='word_1_173' title='bbox 130 1723 261 1762; x_wconf 86' lang='lat' dir='ltr'>innumeram</span> <span class='ocrx_word' id='word_1_174' title='bbox 271 1724 354 1763; x_wconf 86' lang='lat' dir='ltr'>turbam</span> <span class='ocrx_word' id='word_1_175' title='bbox 364 1727 460 1762; x_wconf 85' lang='lat' dir='ltr'>ceteram.</span> <span class='ocrx_word' id='word_1_176' title='bbox 490 1723 594 1762; x_wconf 83' lang='lat' dir='ltr'>Scaenicis</span> <span class='ocrx_word' id='word_1_177' title='bbox 602 1722 664 1772; x_wconf 89' lang='lat' dir='ltr'>ludis,</span> <span class='ocrx_word' id='word_1_178' title='bbox 672 1722 727 1762; x_wconf 89' lang='lat' dir='ltr'>inter</span> 
     </span>
     <span class='ocr_line' id='line_1_24' title="bbox 57 1792 726 1844; baseline 0.001 -13"><span class='ocrx_word' id='word_1_179' title='bbox 57 1793 139 1844; x_wconf 85' lang='lat' dir='ltr'>plebem</span> <span class='ocrx_word' id='word_1_180' title='bbox 153 1797 174 1832; x_wconf 91' lang='lat' dir='ltr'>et</span> <span class='ocrx_word' id='word_1_181' title='bbox 187 1794 278 1844; x_wconf 89' lang='lat' dir='ltr'>equitem</span> <span class='ocrx_word' id='word_1_182' title='bbox 292 1806 374 1833; x_wconf 82' lang='lat' dir='ltr'>causam</span> <span class='ocrx_word' id='word_1_183' title='bbox 386 1793 537 1833; x_wconf 83' lang='lat' dir='ltr'>discordiarum</span> <span class='ocrx_word' id='word_1_184' title='bbox 549 1805 624 1842; x_wconf 87' lang='lat' dir='ltr'>serens,</span> <span class='ocrx_word' id='word_1_185' title='bbox 636 1792 726 1832; x_wconf 85' lang='lat' dir='ltr'>decimas</span> 
     </span>
     <span class='ocr_line' id='line_1_25' title="bbox 58 1863 728 1915; baseline 0.001 -14"><span class='ocrx_word' id='word_1_186' title='bbox 58 1864 159 1903; x_wconf 87' lang='lat' dir='ltr'>maturius</span> <span class='ocrx_word' id='word_1_187' title='bbox 174 1864 243 1914; x_wconf 85' lang='lat' dir='ltr'>dabat,</span> <span class='ocrx_word' id='word_1_188' title='bbox 258 1868 282 1903; x_wconf 87' lang='lat' dir='ltr'>ut</span> <span class='ocrx_word' id='word_1_189' title='bbox 297 1864 403 1915; x_wconf 84' lang='lat' dir='ltr'>equestria</span> <span class='ocrx_word' id='word_1_190' title='bbox 418 1865 444 1903; x_wconf 88' lang='lat' dir='ltr'>ab</span> <span class='ocrx_word' id='word_1_191' title='bbox 459 1863 531 1902; x_wconf 86' lang='lat' dir='ltr'>infimo</span> <span class='ocrx_word' id='word_1_192' title='bbox 547 1876 628 1914; x_wconf 90' lang='lat' dir='ltr'>quoque</span> <span class='ocrx_word' id='word_1_193' title='bbox 644 1875 728 1914; x_wconf 88' lang='lat' dir='ltr'>occupa-</span> 
     </span>
     <span class='ocr_line' id='line_1_26' title="bbox 27 1933 728 1983; baseline -0.003 -10"><span class='ocrx_word' id='word_1_194' title='bbox 27 1944 46 1973; x_wconf 80' lang='lat'>25</span> <span class='ocrx_word' id='word_1_195' title='bbox 58 1937 134 1972; x_wconf 92' lang='lat' dir='ltr'>rentur.</span> <span class='ocrx_word' id='word_1_196' title='bbox 164 1934 294 1973; x_wconf 81' lang='lat' dir='ltr'>Gladiatorio</span> <span class='ocrx_word' id='word_1_197' title='bbox 308 1946 422 1983; x_wconf 79' lang='lat' dir='ltr'>munerere,</span> <span class='ocrx_word' id='word_1_198' title='bbox 436 1933 505 1973; x_wconf 88' lang='lat' dir='ltr'>ductis</span> <span class='ocrx_word' id='word_1_199' title='bbox 520 1933 627 1972; x_wconf 87' lang='lat' dir='ltr'>interdum</span> <span class='ocrx_word' id='word_1_200' title='bbox 642 1933 728 1982; x_wconf 83' lang='lat' dir='ltr'>flagran-</span> 
     </span>
     <span class='ocr_line' id='line_1_27' title="bbox 57 2004 727 2055; baseline -0.001 -13"><span class='ocrx_word' id='word_1_201' title='bbox 57 2004 139 2043; x_wconf 86' lang='lat' dir='ltr'>tissimo</span> <span class='ocrx_word' id='word_1_202' title='bbox 154 2005 197 2044; x_wconf 89' lang='lat' dir='ltr'>sole</span> <span class='ocrx_word' id='word_1_203' title='bbox 210 2005 268 2054; x_wconf 87' lang='lat' dir='ltr'>velis,</span> <span class='ocrx_word' id='word_1_204' title='bbox 284 2005 352 2044; x_wconf 90' lang='lat' dir='ltr'>emitti</span> <span class='ocrx_word' id='word_1_205' title='bbox 368 2016 493 2055; x_wconf 87' lang='lat' dir='ltr'>quemquam</span> <span class='ocrx_word' id='word_1_206' title='bbox 507 2004 592 2043; x_wconf 86' lang='lat' dir='ltr'>vetabat</span> <span class='ocrx_word' id='word_1_207' title='bbox 606 2006 727 2054; x_wconf 89' lang='lat' dir='ltr'>remotoque</span> 
     </span>
     <span class='ocr_line' id='line_1_28' title="bbox 58 2074 727 2131; baseline -0.001 -19"><span class='ocrx_word' id='word_1_208' title='bbox 58 2074 163 2131; x_wconf 82' lang='lat' dir='ltr'>ordinario</span> <span class='ocrx_word' id='word_1_209' title='bbox 173 2079 279 2125; x_wconf 83' lang='lat' dir='ltr'>apparatu,</span> <span class='ocrx_word' id='word_1_210' title='bbox 290 2075 367 2114; x_wconf 83' lang='lat' dir='ltr'>tabidis</span> <span class='ocrx_word' id='word_1_211' title='bbox 380 2074 432 2113; x_wconf 76' lang='lat' dir='ltr'>teris</span> <span class='ocrx_word' id='word_1_212' title='bbox 443 2074 556 2113; x_wconf 88' lang='lat' dir='ltr'>vilissimos</span> <span class='ocrx_word' id='word_1_213' title='bbox 570 2074 669 2124; x_wconf 86' lang='lat' dir='ltr'>senioque</span> <span class='ocrx_word' id='word_1_214' title='bbox 682 2085 727 2112; x_wconf 93' lang='lat' dir='ltr'>con-</span> 
     </span>
     <span class='ocr_line' id='line_1_29' title="bbox 57 2145 723 2196; baseline 0 -14"><span class='ocrx_word' id='word_1_215' title='bbox 57 2145 123 2184; x_wconf 74' lang='lat' dir='ltr'>tectos</span> <span class='ocrx_word' id='word_1_216' title='bbox 137 2145 372 2196; x_wconf 61' lang='lat' dir='ltr'>gladiatores,*qnoq11e</span> <span class='ocrx_word' id='word_1_217' title='bbox 382 2146 508 2196; x_wconf 77' lang='lat' dir='ltr'>paegniariis</span> <span class='ocrx_word' id='word_1_218' title='bbox 516 2149 586 2196; x_wconf 84' lang='lat' dir='ltr'>patres</span> <span class='ocrx_word' id='word_1_219' title='bbox 593 2145 723 2184; x_wconf 78' lang='lat' dir='ltr'>familiarum</span> 
     </span>
     <span class='ocr_line' id='line_1_30' title="bbox 57 2211 725 2265; baseline -0.004 -13"><span class='ocrx_word' id='word_1_220' title='bbox 57 2218 117 2253; x_wconf 89' lang='lat' dir='ltr'>notos</span> <span class='ocrx_word' id='word_1_221' title='bbox 134 2215 170 2254; x_wconf 88' lang='lat' dir='ltr'>sed</span> <span class='ocrx_word' id='word_1_222' title='bbox 187 2215 276 2265; x_wconf 82' lang='lat' dir='ltr'>insignis</span> <span class='ocrx_word' id='word_1_223' title='bbox 294 2214 403 2253; x_wconf 82' lang='lat' dir='ltr'>debilitate</span> <span class='ocrx_word' id='word_1_224' title='bbox 420 2213 491 2263; x_wconf 88' lang='lat' dir='ltr'>aliqua</span> <span class='ocrx_word' id='word_1_225' title='bbox 507 2211 599 2263; x_wconf 88' lang='lat' dir='ltr'>corporis</span> <span class='ocrx_word' id='word_1_226' title='bbox 617 2211 725 2250; x_wconf 87' lang='lat' dir='ltr'>obiciebat.</span> 
     </span>
     <span class='ocr_line' id='line_1_31' title="bbox 27 2281 728 2335; baseline -0.007 -11"><span class='ocrx_word' id='word_1_227' title='bbox 27 2295 46 2324; x_wconf 85' lang='lat'>30</span> <span class='ocrx_word' id='word_1_228' title='bbox 57 2285 89 2323; x_wconf 87' lang='lat' dir='ltr'>Ac</span> <span class='ocrx_word' id='word_1_229' title='bbox 104 2297 266 2335; x_wconf 78' lang='lat' dir='ltr'>nonnumquam,</span> <span class='ocrx_word' id='word_1_230' title='bbox 280 2284 360 2323; x_wconf 82' lang='lat' dir='ltr'>horreis</span> <span class='ocrx_word' id='word_1_231' title='bbox 377 2282 498 2334; x_wconf 81' lang='lat' dir='ltr'>praeclusis,</span> <span class='ocrx_word' id='word_1_232' title='bbox 510 2281 588 2333; x_wconf 82' lang='lat' dir='ltr'>populo</span> <span class='ocrx_word' id='word_1_233' title='bbox 604 2282 683 2320; x_wconf 81' lang='lat' dir='ltr'>famem</span> <span class='ocrx_word' id='word_1_234' title='bbox 698 2281 728 2319; x_wconf 92' lang='lat' dir='ltr'>in-</span> 
     </span>
     <span class='ocr_line' id='line_1_32' title="bbox 58 2354 117 2393; baseline 0 -1"><span class='ocrx_word' id='word_1_235' title='bbox 58 2354 117 2393; x_wconf 79' lang='lat' dir='ltr'>dixit.</span> 
     </span>
     <span class='ocr_line' id='line_1_33' title="bbox 10 2416 748 2474; baseline -0.007 -11"><span class='ocrx_word' id='word_1_236' title='bbox 10 2416 11 2419; x_wconf 26' lang='lat'>¹</span> <span class='ocrx_word' id='word_1_237' title='bbox 85 2424 199 2463; x_wconf 87' lang='lat' dir='ltr'>Saevitiam</span> <span class='ocrx_word' id='word_1_238' title='bbox 209 2424 288 2474; x_wconf 87' lang='lat' dir='ltr'>ingenii</span> <span class='ocrx_word' id='word_1_239' title='bbox 300 2436 337 2474; x_wconf 83' lang='lat' dir='ltr'>per</span> <span class='ocrx_word' id='word_1_240' title='bbox 350 2423 401 2462; x_wconf 87' lang='lat' dir='ltr'>haec</span> <span class='ocrx_word' id='word_1_241' title='bbox 410 2422 501 2462; x_wconf 83' lang='lat' dir='ltr'>maxime</span> <span class='ocrx_word' id='word_1_242' title='bbox 511 2421 608 2461; x_wconf 87' lang='lat' dir='ltr'>ostendit.</span> <span class='ocrx_word' id='word_1_243' title='bbox 638 2420 691 2459; x_wconf 79' lang='lat' dir='ltr'>Cum</span> <span class='ocrx_word' id='word_1_244' title='bbox 701 2421 726 2459; x_wconf 89' lang='lat' dir='ltr'>ad</span> <span class='ocrx_word' id='word_1_245' title='bbox 737 2425 748 2458; x_wconf 82' lang='lat'>2</span> 
     </span>
    </p>
   </div>
   <div class='ocr_carea' id='block_1_3' title="bbox 0 0 764 2600">
    <p class='ocr_par' dir='ltr' id='par_1_3' title="bbox 0 0 764 2600">
     <span class='ocr_line' id='line_1_34' title="bbox 0 0 764 2600; baseline 0 0"><span class='ocrx_word' id='word_1_246' title='bbox 0 0 764 2600; x_wconf 95' lang='lat' dir='ltr'> </span> 
     </span>
    </p>
   </div>
  </div>
 </body>
</html>
