1520 2600
274 121 348 153 arnna
364 122 397 154 vr.
432 120 503 153 uano.
683 112 725 153 137

52 236 98 285 bus,
109 236 247 286 respondente
260 235 324 284 nullo,
335 236 357 274 in
369 235 487 275 cubiculum
500 235 569 284 rediit,
582 236 638 274 unde
651 234 725 273 iamet

53 306 150 345 custodes
165 305 298 355 diffugerant,
314 305 403 356 direptis
418 305 481 344 etiam
498 304 604 355 stragulis,
620 291 692 344 amota
704 307 725 342 et

53 376 132 427 pyxide
150 375 236 425 veneni,
259 387 282 414 ao
301 375 373 414 statim
396 375 504 427 Spiculum
526 374 674 413 mirmillonem
691 374 724 412 vel

53 446 167 497 quemlibet
186 445 251 484 alium
269 457 417 497 percussorem,
435 445 493 484 cuius
510 458 574 484 manu
592 443 675 496 periret,
695 457 728 492 ref

53 516 132 567 quisiit,
146 519 167 554 et
179 515 262 555 nemine
276 520 364 566 reperto,
378 517 434 566 Erpo
448 528 488 566 eqo,
501 514 577 566 inquit,
590 528 626 554 nec
637 517 724 554 omicron
735 525 745 554 5

52 587 114 624 habco
128 598 163 625 acc
176 586 295 624 idioticam?
308 585 460 636 procurritque,
473 585 534 636 quasi
548 583 724 636 praecipitaturus

17 660 43 692 48
53 668 74 695 se
93 655 116 694 in
134 655 232 694 Tiberim.
270 655 311 694 Sed
332 659 428 694 revocato
446 667 518 694 rursus
537 645 624 705 impetu,
643 653 725 705 aliquid

52 725 170 764 secretioris
184 725 276 764 latebrae
291 725 318 764 ad
332 724 471 775 colligendum
483 724 576 764 animum
588 723 723 773 desideravit,

53 800 73 834 et
94 796 194 834 offerente
211 795 308 834 Phaonte
330 795 406 834 liberto
427 795 569 834 suburbanum

130 866 133 872 .
258 865 261 872 .
448 862 450 865 ι
528 856 535 871 .1
589 844 706 883 Nero'sfliglrt

5 895 8 901 ,
52 878 112 904 sunm
128 868 183 903 inter
197 865 298 904 Salariam
311 868 333 903 et
345 865 500 903 Nomentanam
513 877 569 903 viam
588 892 688 924 ΜΒΝ

52 935 107 974 circa
116 938 212 986 quartum
225 934 345 986 miliarium,
356 938 379 973 ut
393 939 438 973 erat
450 934 507 973 nudo
516 935 569 985 pede

52 1008 114 1055 atque
129 994 240 1053 tunicatus,
257 1004 368 1055 paenulam
386 1004 474 1043 obsoleti
489 1004 564 1043 coloris
583 1003 721 1055 superinduit,

52 1074 192 1126 adopertoque
202 1074 270 1125 capite
281 1077 301 1113 et
311 1078 359 1113 ante
369 1074 445 1113 facicm
457 1074 542 1113 obtento
552 1074 636 1113 sudario
646 1087 722 1125 equum

51 1144 161 1193 inscendit,
181 1148 280 1195 quattuor
302 1144 353 1183 solis
376 1144 532 1193 comitantibus,
551 1145 606 1183 inter
630 1157 682 1194 quos
701 1148 722 1182 et

52 1204 129 1266 Sporus
144 1217 193 1252 erat.
223 1213 340 1264 Statimque
356 1216 446 1252 tremore
464 1217 532 1252 terrae
548 1216 569 1252 et
585 1213 670 1263 fulgure
689 1213 722 1253 ad·
733 1225 753 1255 15

50 1296 110 1323 verso
128 1284 257 1335 pauefactus,
276 1283 344 1322 audiit
362 1296 373 1322 e
394 1283 495 1335 proximis
517 1283 591 1323 castris
610 1283 722 1323 clamorem

51 1353 143 1393 militum
156 1356 177 1392 et
188 1353 230 1393 sibi
242 1354 330 1393 adversa
341 1356 363 1392 et
373 1353 452 1393 Galbae
463 1365 562 1404 prospera
576 1353 721 1403 ominantium,
755 1367 757 1370 ’

47 1423 114 1475 letiam
127 1436 153 1462 ex
166 1422 233 1462 obviis
246 1423 361 1462 viatoribus
374 1423 479 1474 quendam
489 1422 604 1462 dicentem:
619 1424 650 1462 Hi
659 1425 722 1463 Nero-

51 1506 96 1533 nem
107 1499 261 1544 persequantur,
278 1492 342 1531 alium
359 1492 512 1543 sciscitantem?
534 1494 615 1542 Ecquid
633 1495 656 1531 in
674 1485 722 1533 orba

51 1566 98 1602 noct
107 1566 131 1602 dc
140 1564 234 1603 Nerone?
261 1563 321 1613 Equo
335 1566 405 1602 autern
418 1563 480 1602 odore
494 1562 569 1602 abiecti
582 1563 605 1602 in
616 1562 652 1602 uia
663 1563 722 1603 cada
732 1573 752 1602 20

50 1633 106 1673 veris
125 1636 262 1683 consternato,
282 1633 365 1672 detecta
383 1632 437 1673 facie
453 1632 537 1683 agnitus
554 1636 586 1672 est
603 1634 721 1684 aquodam

50 1703 142 1743 missicio
157 1703 289 1755 praetoriano
304 1707 325 1742 et
342 1699 451 1743 salutatus.
480 1704 512 1743 Ut
527 1704 554 1752 ad
569 1703 721 1743 deverticulum

50 1777 136 1812 ventum
149 1777 187 1818 est,
200 1772 293 1813 dimissis
306 1772 372 1824 equis,
384 1773 440 1812 inter
452 1773 552 1813 fruticeta
564 1786 588 1813 ac
597 1786 671 1826 uepres
684 1786 721 1826 per

50 1838 175 1883 arundineti
189 1838 362 1893 semitam‘aegre
378 1856 417 1883 neo
433 1843 475 1883 nisi
492 1847 558 1883 strata
575 1844 613 1883 sub
632 1844 720 1894 pedibus

50 1918 109 1953 reste
123 1914 150 1954 ad
165 1898 261 1972 auersum
270 1913 339 1967 ¹villae
354 1914 456 1965 parietem
471 1913 544 1954 evasit.
574 1914 610 1953 lbi
624 1913 721 1954 hortante
732 1929 751 1958 25

50 1985 123 2024 eodem
137 1984 239 2033 Phaonte,
254 1988 279 2024 ut
293 1984 379 2024 interim
393 1984 416 2023 in
433 1997 517 2035 specum
534 1988 616 2035 egestae
631 1984 721 2023 harenae

51 2055 178 2104 concederet,
186 2054 271 2104 negavit
280 2067 300 2093 sc
310 2057 378 2093 vivom
388 2056 423 2094 sub
433 2050 508 2094 terrum
516 2057 598 2104 ituram,
607 2067 631 2094 ao
640 2067 721 2105 parum-

50 2136 87 2176 per
102 2119 253 2173 commoratus,
263 2125 313 2164 dum
328 2124 472 2164 clandestinus
489 2125 516 2163 ad
531 2124 604 2163 villam
621 2125 720 2164 introitus

50 2198 165 2246 pararetur,
175 2207 251 2246 aquam
261 2207 287 2234 ex
297 2195 390 2234 subiecta
397 2195 472 2235 lacuna
481 2199 568 2247 poturus
578 2208 641 2235 manu
649 2195 721 2235 hausit

50 2269 71 2304 et
81 2266 138 2304 Haec
148 2271 181 2315 est,
189 2265 265 2316 inquit,
274 2267 362 2321 Neronis
369 2268 462 2305 decoctu!
473 2266 528 2315 dein,
536 2266 619 2305 divolsa
626 2265 720 2305 sentibus
732 2277 751 2306 30

50 2324 146 2387 paenula,
161 2336 260 2376 traiectos
277 2337 370 2375 surculos
386 2336 443 2376 rasit.
476 2337 547 2387 Atque
563 2336 593 2375 ita
608 2336 720 2387 quadripes

50 2418 88 2457 per
104 2406 212 2456 augustias
229 2406 317 2446 effossae
335 2418 436 2446 cavernae
453 2410 548 2457 receptus
565 2405 588 2444 in
604 2405 721 2457 proximam
