1520 2600
215 102 289 135 aiaua
305 102 337 135 tr.
374 101 393 136 o.
412 102 543 135 caticum.
690 93 717 135 ta

45 216 98 256 cella
107 216 200 256 Palatini
209 216 314 256 atriensis.
343 216 388 255 Nec
398 217 511 255 defuerunt
523 217 561 267 qui
569 216 716 266 coniectarent,

45 287 110 325 altero
124 290 206 325 ostento
220 281 335 338 periculum
351 299 364 325 a
377 286 499 326 custodibus
514 286 598 326 dominc
612 286 716 337 portendi,

45 357 111 396 altero
126 357 210 396 caedem
225 368 298 396 rursus
315 357 424 406 insignem,
440 356 508 407 qualis
523 357 594 395 eodem
610 357 644 395 die
659 356 717 396 facta

45 428 150 479 quendam
166 427 249 467 fuisset.
285 427 506 479 Consulenti-quoque
522 427 662 477 de'genitura
679 441 717 468 sua

45 499 104 538 Sulla
120 498 281 538 mathematicus
301 498 438 537 certissimam
457 510 528 537 necem
549 498 736 549 appropinquare5

44 567 161 607 affirmavit.
199 569 327 607 Mcnuerunt
348 572 369 607 et
387 569 493 608 Fortunae
511 568 641 618 Antiatinae,
661 571 685 607 ut
704 581 716 608 a

44 639 115 678 Cassio
130 642 213 678 caveret
219 655 225 689 3
239 652 281 690 qua
293 652 356 678 eausa
365 638 401 678 ille
412 639 507 679 Cassium
520 639 639 689 Longinum
650 638 715 678 Asiae

43 712 89 747 tum
112 710 256 760 proconsulem
282 708 418 749 occidendum
444 709 583 760 delegaverat,
606 708 715 748 immemor

44 772 157 818 Chaeream
172 779 267 819 Cassium
276 779 386 818 nominari.
414 779 486 819 Pridie
500 792 564 833 quam
576 779 654 831 periret
664 792 715 818 som-

43 849 116 899 niarit,
130 850 244 889 consistere
259 862 281 889 se
295 850 318 888 in
332 850 389 889 caelo
404 850 464 889 iuxta
478 849 554 889 solium
566 849 630 900 louis,
640 849 715 900 impul·
726 857 745 887 10

43 932 130 971 sumque
145 921 207 959 abeo
220 920 290 959 dextri
305 919 366 971 pedis
379 920 455 971 pollice
470 924 491 959 et
503 919 526 958 in
536 923 602 959 terras
616 920 715 971 praecipi-

42 992 116 1028 tatum.
145 989 290 1040 Prodigiorum
306 990 351 1029 loco
365 990 438 1029 habita
452 993 502 1029 sunt
516 989 586 1039 etiam,
597 1002 650 1040 quae
659 990 714 1029 forte

42 1059 80 1098 illo
89 1059 135 1111 ipsc
145 1060 179 1098 die
189 1060 251 1111 paulo
261 1059 320 1110 prius
328 1060 452 1099 acciderant.
475 1059 598 1100 Sacrificans
607 1072 714 1111 respersus

43 1133 75 1169 est
93 1129 250 1181 phoenicopteri
275 1130 386 1180 sanguine3
411 1134 432 1169 et
455 1130 596 1181 pantomimus
620 1131 714 1169 Mnester

43 1199 172 1249 tragoediam
187 1199 278 1250 saltavit,
294 1212 356 1251 quam
373 1200 423 1240 clim
436 1200 588 1251 Neoptolemus
602 1201 714 1250 tragoedus
725 1211 744 1240 15

42 1269 104 1319 ludis,
125 1270 199 1321 quibus
223 1283 260 1308 rex
275 1271 416 1309 'llacedonum
439 1270 553 1321 Philippus
577 1271 656 1310 occisus
675 1274 713 1319 est,

43 1343 123 1390 egerat3
139 1344 160 1379 et
169 1332 217 1379 cum
226 1340 249 1378 in
258 1341 360 1379 Laureolo
368 1341 438 1390 mimo,
446 1342 469 1379 in
479 1353 520 1391 quo
530 1345 587 1379 actor
596 1340 713 1392 proripiens

43 1418 64 1448 se
79 1410 141 1449 ruina
155 1401 278 1460 sanguinem
292 1411 364 1460 vomit,
379 1411 450 1462 plures
466 1411 603 1463 secundarum
618 1411 714 1449 certatim

42 1479 207 1531 experimentum
227 1480 279 1520 artis
303 1481 382 1531 darent,
403 1493 475 1520 cruore
499 1493 573 1520 scaena
592 1480 712 1520 abundavit.

42 1550 158 1590 Parabatur
177 1554 198 1590 et
216 1551 239 1589 in
257 1554 340 1590 noctem
362 1551 510 1602 spectaculum,
530 1564 570 1602 quo
592 1554 744 1601 argumentare

42 1615 157 1660 inferorum
176 1633 213 1672 per
235 1620 353 1673 Aegyptios
373 1625 394 1660 et
412 1621 528 1672 Aethiopas
552 1612 712 1672 explicarentur.

8 1697 32 1730 58
42 1691 111 1730 VIIII
129 1690 178 1730 Kal.
195 1691 254 1730 Febr.
272 1691 324 1730 hora
341 1692 386 1730 fere
405 1691 499 1742 septima,
517 1695 626 1731 cunctatus
643 1704 669 1730 an
686 1691 713 1730 ad

42 1761 153 1811 prandium
172 1764 266 1812 surgeret
284 1766 389 1801 marcente
408 1762 476 1801 adhuc
496 1761 602 1801 stomacho
621 1761 714 1813 pridiani

42 1830 83 1870 cibi
93 1844 159 1881 onere,
167 1832 252 1871 tandem
263 1832 399 1872 suadentibus
411 1832 483 1872 amicis
493 1845 588 1882 egressus
598 1836 635 1872 est.
660 1832 712 1872 Cum

42 1900 65 1939 iu
74 1905 153 1953 crypta,
165 1915 202 1952 per
211 1915 275 1953 quam
282 1904 433 1942 transeundum
440 1907 491 1952 erat,
501 1904 561 1955 pueri
724 1912 743 1942 25

41 1971 122 2012 nobiles
132 1984 159 2011 ex
168 1972 222 2012 Asia
230 1974 257 2012 ad
266 1973 357 2013 edendas
369 1974 392 2012 in
403 1986 478 2013 scaena
489 1986 561 2026 operas
578 1959 713 2040 ffoslfssassm‘

42 2044 123 2083 evocati
146 2049 325 2096 praepararentur,
345 2049 369 2084 ut
391 2058 425 2085 eos
448 2045 561 2096 inspiceret

41 2113 201 2166 hortareturque
216 2116 301 2166 restitit,
317 2129 341 2156 ac
354 2116 397 2155 nisi
411 2117 507 2168 princeps
523 2115 592 2166 gregis
607 2115 676 2164 algere
691 2127 713 2153 se

42 2184 127 2235 diceret,
137 2186 205 2225 redire
215 2199 239 2226 ac
248 2190 404 2238 repraesentare
419 2186 560 2238 spectaculum
570 2184 642 2224 voluit.
671 2186 713 2224 Du-

42 2255 91 2305 plex
107 2256 182 2295 dehinc
195 2257 253 2296 fama
266 2259 309 2296 est:
325 2251 362 2295 alii
376 2257 463 2296 tradunt
477 2256 600 2307 adloquenti
614 2268 689 2307 pueros
701 2268 714 2294 a
724 2264 743 2294 30

42 2328 101 2376 tergo
110 2327 223 2366 Chaeream
237 2326 339 2366 cervicem
353 2327 423 2376 gladio
434 2327 511 2366 caesim
527 2326 618 2377 graviter
631 2338 713 2377 percus-

43 2396 100 2447 sisse,
111 2397 227 2448 praemissa
236 2409 285 2436 voce
293 2395 304 2435 :“
312 2398 357 2436 Hoc
366 2398 416 2448 cpe!
430 2396 507 2436 dehinc
521 2395 642 2436 Cornelium
656 2396 715 2435 Sabi-
