<?xml version="1.0" encoding="UTF-8"?>
<!DOCTYPE html PUBLIC "-//W3C//DTD XHTML 1.0 Transitional//EN"
    "http://www.w3.org/TR/xhtml1/DTD/xhtml1-transitional.dtd">
<html xmlns="http://www.w3.org/1999/xhtml" xml:lang="en" lang="en">
 <head>
  <title>
</title>
<meta http-equiv="Content-Type" content="text/html;charset=utf-8" />
  <meta name='ocr-system' content='tesseract 3.04.00' />
  <meta name='ocr-capabilities' content='ocr_page ocr_carea ocr_par ocr_line ocrx_word'/>
</head>
<body>
  <div class='ocr_page' id='page_1' title='image "MN40042ucmf_5_0112.png"; bbox 0 0 1520 2600; ppageno 0'>
   <div class='ocr_carea' id='block_1_1' title="bbox 39 108 673 177">
    <p class='ocr_par' dir='ltr' id='par_1_1' title="bbox 39 108 673 177">
     <span class='ocr_line' id='line_1_1' title="bbox 39 108 673 177; baseline -0.003 -7"><span class='ocrx_word' id='word_1_1' title='bbox 39 127 67 171; x_wconf 76' lang='lat'>72</span> <span class='ocrx_word' id='word_1_2' title='bbox 90 136 109 170; x_wconf 85' lang='lat' dir='ltr'>o.</span> <span class='ocrx_word' id='word_1_3' title='bbox 128 135 231 169; x_wconf 83' lang='lat' dir='ltr'>suurour</span> <span class='ocrx_word' id='word_1_4' title='bbox 247 136 399 177; x_wconf 79' lang='lat' dir='ltr'>runuoumm</span> <span class='ocrx_word' id='word_1_5' title='bbox 414 136 447 168; x_wconf 83' lang='lat' dir='ltr'>nn</span> <span class='ocrx_word' id='word_1_6' title='bbox 462 135 522 169; x_wconf 72' lang='lat' dir='ltr'>ium</span> <span class='ocrx_word' id='word_1_7' title='bbox 538 108 673 169; x_wconf 75' lang='lat' dir='ltr'>ciusnauu</span> 
     </span>
    </p>
   </div>
   <div class='ocr_carea' id='block_1_2' title="bbox 7 251 749 2484">
    <p class='ocr_par' dir='ltr' id='par_1_2' title="bbox 7 251 749 2484">
     <span class='ocr_line' id='line_1_2' title="bbox 38 251 709 302; baseline 0 -12"><span class='ocrx_word' id='word_1_8' title='bbox 38 251 130 290; x_wconf 78' lang='lat' dir='ltr'>indicere</span> <span class='ocrx_word' id='word_1_9' title='bbox 145 252 230 300; x_wconf 84' lang='lat' dir='ltr'>solebat,</span> <span class='ocrx_word' id='word_1_10' title='bbox 243 255 325 302; x_wconf 88' lang='lat' dir='ltr'>praeter</span> <span class='ocrx_word' id='word_1_11' title='bbox 339 252 407 301; x_wconf 90' lang='lat' dir='ltr'>equile</span> <span class='ocrx_word' id='word_1_12' title='bbox 421 264 559 290; x_wconf 87' lang='lat' dir='ltr'>marmoreum</span> <span class='ocrx_word' id='word_1_13' title='bbox 575 255 596 290; x_wconf 84' lang='lat' dir='ltr'>et</span> <span class='ocrx_word' id='word_1_14' title='bbox 610 263 709 302; x_wconf 77' lang='lat' dir='ltr'>praesepe</span> 
     </span>
     <span class='ocr_line' id='line_1_3' title="bbox 39 321 724 372; baseline -0.001 -12"><span class='ocrx_word' id='word_1_15' title='bbox 39 321 152 360; x_wconf 88' lang='lat' dir='ltr'>eburneum</span> <span class='ocrx_word' id='word_1_16' title='bbox 166 324 289 372; x_wconf 72' lang='lat' dir='ltr'>praeterque</span> <span class='ocrx_word' id='word_1_17' title='bbox 304 334 409 372; x_wconf 86' lang='lat' dir='ltr'>purpurea</span> <span class='ocrx_word' id='word_1_18' title='bbox 423 325 544 371; x_wconf 85' lang='lat' dir='ltr'>tegumenta</span> <span class='ocrx_word' id='word_1_19' title='bbox 558 333 582 359; x_wconf 89' lang='lat' dir='ltr'>ac</span> <span class='ocrx_word' id='word_1_20' title='bbox 597 321 684 360; x_wconf 89' lang='lat' dir='ltr'>monilia</span> <span class='ocrx_word' id='word_1_21' title='bbox 698 334 724 360; x_wconf 55' lang='lat' dir='ltr'>e,</span> 
     </span>
     <span class='ocr_line' id='line_1_4' title="bbox 38 391 708 442; baseline 0 -12"><span class='ocrx_word' id='word_1_22' title='bbox 38 392 132 441; x_wconf 87' lang='lat' dir='ltr'>gemmis,</span> <span class='ocrx_word' id='word_1_23' title='bbox 141 391 225 430; x_wconf 90' lang='lat' dir='ltr'>domum</span> <span class='ocrx_word' id='word_1_24' title='bbox 235 391 297 430; x_wconf 89' lang='lat' dir='ltr'>etiam</span> <span class='ocrx_word' id='word_1_25' title='bbox 308 395 329 430; x_wconf 93' lang='lat' dir='ltr'>et</span> <span class='ocrx_word' id='word_1_26' title='bbox 338 391 441 430; x_wconf 82' lang='lat' dir='ltr'>familiam</span> <span class='ocrx_word' id='word_1_27' title='bbox 452 394 472 430; x_wconf 87' lang='lat' dir='ltr'>et</span> <span class='ocrx_word' id='word_1_28' title='bbox 483 391 633 442; x_wconf 90' lang='lat' dir='ltr'>supellectilem</span> <span class='ocrx_word' id='word_1_29' title='bbox 645 391 708 442; x_wconf 91' lang='lat' dir='ltr'>dedit,</span> 
     </span>
     <span class='ocr_line' id='line_1_5' title="bbox 39 461 709 513; baseline 0 -12"><span class='ocrx_word' id='word_1_30' title='bbox 39 474 79 513; x_wconf 89' lang='lat' dir='ltr'>quo</span> <span class='ocrx_word' id='word_1_31' title='bbox 89 462 167 501; x_wconf 89' lang='lat' dir='ltr'>lautius</span> <span class='ocrx_word' id='word_1_32' title='bbox 177 461 261 500; x_wconf 91' lang='lat' dir='ltr'>nomine</span> <span class='ocrx_word' id='word_1_33' title='bbox 269 462 313 501; x_wconf 91' lang='lat' dir='ltr'>eius</span> <span class='ocrx_word' id='word_1_34' title='bbox 321 462 406 501; x_wconf 87' lang='lat' dir='ltr'>invitati</span> <span class='ocrx_word' id='word_1_35' title='bbox 414 461 566 513; x_wconf 74' lang='lat' dir='ltr'>acciperentur,</span> <span class='ocrx_word' id='word_1_36' title='bbox 578 461 709 502; x_wconf 86' lang='lat' dir='ltr'>consulatum</span> 
     </span>
     <span class='ocr_line' id='line_1_6' title="bbox 18 533 351 584; baseline -0.003 -12"><span class='ocrx_word' id='word_1_37' title='bbox 18 544 27 572; x_wconf 82' lang='lat'>5</span> <span class='ocrx_word' id='word_1_38' title='bbox 39 545 120 584; x_wconf 84' lang='lat' dir='ltr'>quoque</span> <span class='ocrx_word' id='word_1_39' title='bbox 130 533 220 572; x_wconf 89' lang='lat' dir='ltr'>traditur</span> <span class='ocrx_word' id='word_1_40' title='bbox 230 533 351 572; x_wconf 73' lang='lat' dir='ltr'>destinasse.</span> 
     </span>
     <span class='ocr_line' id='line_1_7' title="bbox 65 602 743 655; baseline 0.003 -14"><span class='ocrx_word' id='word_1_41' title='bbox 65 604 100 642; x_wconf 88' lang='lat' dir='ltr'>lta</span> <span class='ocrx_word' id='word_1_42' title='bbox 110 603 244 642; x_wconf 85' lang='lat' dir='ltr'>bacchantem</span> <span class='ocrx_word' id='word_1_43' title='bbox 258 607 321 654; x_wconf 86' lang='lat' dir='ltr'>atque</span> <span class='ocrx_word' id='word_1_44' title='bbox 332 606 462 653; x_wconf 73' lang='lat' dir='ltr'>grassantem</span> <span class='ocrx_word' id='word_1_45' title='bbox 473 616 516 642; x_wconf 90' lang='lat' dir='ltr'>non</span> <span class='ocrx_word' id='word_1_46' title='bbox 525 602 594 642; x_wconf 82' lang='lat' dir='ltr'>defuit</span> <span class='ocrx_word' id='word_1_47' title='bbox 603 603 708 655; x_wconf 86' lang='lat' dir='ltr'>plerisque</span> <span class='ocrx_word' id='word_1_48' title='bbox 718 612 743 643; x_wconf 84' lang='lat'>56</span> 
     </span>
     <span class='ocr_line' id='line_1_8' title="bbox 38 673 708 724; baseline 0.001 -13"><span class='ocrx_word' id='word_1_49' title='bbox 38 673 120 712; x_wconf 89' lang='lat' dir='ltr'>animus</span> <span class='ocrx_word' id='word_1_50' title='bbox 130 673 213 711; x_wconf 88' lang='lat' dir='ltr'>adoriri.</span> <span class='ocrx_word' id='word_1_51' title='bbox 239 673 280 712; x_wconf 81' lang='lat' dir='ltr'>Sed</span> <span class='ocrx_word' id='word_1_52' title='bbox 289 686 332 712; x_wconf 87' lang='lat' dir='ltr'>una</span> <span class='ocrx_word' id='word_1_53' title='bbox 341 674 448 724; x_wconf 86' lang='lat' dir='ltr'>alteraque</span> <span class='ocrx_word' id='word_1_54' title='bbox 457 674 610 724; x_wconf 87' lang='lat' dir='ltr'>conspiratione</span> <span class='ocrx_word' id='word_1_55' title='bbox 620 674 708 723; x_wconf 80' lang='lat' dir='ltr'>detecta,</span> 
     </span>
     <span class='ocr_line' id='line_1_9' title="bbox 190 743 708 794; baseline 0.002 -13"><span class='ocrx_word' id='word_1_56' title='bbox 190 743 238 782; x_wconf 89' lang='lat' dir='ltr'>aliis</span> <span class='ocrx_word' id='word_1_57' title='bbox 254 756 291 794; x_wconf 90' lang='lat' dir='ltr'>per</span> <span class='ocrx_word' id='word_1_58' title='bbox 310 743 403 794; x_wconf 89' lang='lat' dir='ltr'>inopiam</span> <span class='ocrx_word' id='word_1_59' title='bbox 422 743 536 782; x_wconf 74' lang='lat' dir='ltr'>occasionis</span> <span class='ocrx_word' id='word_1_60' title='bbox 556 743 708 793; x_wconf 68' lang='lat' dir='ltr'>cunctantibus,</span> 
     </span>
     <span class='ocr_line' id='line_1_10' title="bbox 39 804 709 866; baseline 0.003 -17"><span class='ocrx_word' id='word_1_61' title='bbox 39 810 152 866; x_wconf 57' lang='grc' dir='ltr'>θῦΠξΡῑῐᾶὓξθὸ</span> <span class='ocrx_word' id='word_1_62' title='bbox 190 814 230 852; x_wconf 89' lang='lat' dir='ltr'>duo</span> <span class='ocrx_word' id='word_1_63' title='bbox 254 804 365 853; x_wconf 90' lang='lat' dir='ltr'>consilium</span> <span class='ocrx_word' id='word_1_64' title='bbox 391 814 596 853; x_wconf 86' lang='lat' dir='ltr'>communicaverunt</span> <span class='ocrx_word' id='word_1_65' title='bbox 619 814 709 865; x_wconf 83' lang='lat' dir='ltr'>perfece-</span> 
     </span>
     <span class='ocr_line' id='line_1_11' title="bbox 8 861 709 940; baseline 0.001 -18"><span class='ocrx_word' id='word_1_66' title='bbox 8 893 27 922; x_wconf 85' lang='lat'>10</span> <span class='ocrx_word' id='word_1_67' title='bbox 38 868 89 940; x_wconf 46' lang='lat'>{²3³¹</span> <span class='ocrx_word' id='word_1_68' title='bbox 90 861 108 890; x_wconf 85' lang='lat' dir='ltr'>st</span> <span class='ocrx_word' id='word_1_69' title='bbox 114 862 141 890; x_wconf 84' lang='lat' dir='ltr'>rus</span> <span class='ocrx_word' id='word_1_70' title='bbox 190 876 285 934; x_wconf 81' lang='lat' dir='ltr'>runtque,</span> <span class='ocrx_word' id='word_1_71' title='bbox 299 896 342 922; x_wconf 87' lang='lat' dir='ltr'>non</span> <span class='ocrx_word' id='word_1_72' title='bbox 355 883 401 923; x_wconf 89' lang='lat' dir='ltr'>sine</span> <span class='ocrx_word' id='word_1_73' title='bbox 414 884 541 922; x_wconf 88' lang='lat' dir='ltr'>couscientia</span> <span class='ocrx_word' id='word_1_74' title='bbox 555 884 709 934; x_wconf 71' lang='lat' dir='ltr'>potentissima</span> 
     </span>
     <span class='ocr_line' id='line_1_12' title="bbox 189 953 707 1005; baseline -0.002 -13"><span class='ocrx_word' id='word_1_75' title='bbox 189 967 235 992; x_wconf 90' lang='lat' dir='ltr'>rum</span> <span class='ocrx_word' id='word_1_76' title='bbox 251 953 374 993; x_wconf 83' lang='lat' dir='ltr'>libertorum</span> <span class='ocrx_word' id='word_1_77' title='bbox 388 954 583 1005; x_wconf 79' lang='lat' dir='ltr'>praefectorumque</span> <span class='ocrx_word' id='word_1_78' title='bbox 597 954 707 1005; x_wconf 88' lang='lat' dir='ltr'>praetorii;</span> 
     </span>
     <span class='ocr_line' id='line_1_13' title="bbox 39 1023 708 1075; baseline 0.001 -13"><span class='ocrx_word' id='word_1_79' title='bbox 39 1024 94 1073; x_wconf 88' lang='lat' dir='ltr'>qnod</span> <span class='ocrx_word' id='word_1_80' title='bbox 104 1023 146 1074; x_wconf 91' lang='lat' dir='ltr'>ipsi</span> <span class='ocrx_word' id='word_1_81' title='bbox 156 1036 237 1075; x_wconf 87' lang='lat' dir='ltr'>qnoque</span> <span class='ocrx_word' id='word_1_82' title='bbox 248 1024 288 1063; x_wconf 88' lang='lat' dir='ltr'>etsi</span> <span class='ocrx_word' id='word_1_83' title='bbox 298 1024 353 1062; x_wconf 81' lang='lat' dir='ltr'>falso</span> <span class='ocrx_word' id='word_1_84' title='bbox 363 1023 385 1063; x_wconf 91' lang='lat' dir='ltr'>in</span> <span class='ocrx_word' id='word_1_85' title='bbox 395 1024 486 1075; x_wconf 89' lang='lat' dir='ltr'>quadam</span> <span class='ocrx_word' id='word_1_86' title='bbox 495 1024 638 1063; x_wconf 88' lang='lat' dir='ltr'>coniuratione</span> <span class='ocrx_word' id='word_1_87' title='bbox 648 1024 708 1074; x_wconf 89' lang='lat' dir='ltr'>qnasi</span> 
     </span>
     <span class='ocr_line' id='line_1_14' title="bbox 38 1091 709 1145; baseline -0.001 -12"><span class='ocrx_word' id='word_1_88' title='bbox 38 1094 152 1145; x_wconf 76' lang='lat' dir='ltr'>participes</span> <span class='ocrx_word' id='word_1_89' title='bbox 162 1094 270 1143; x_wconf 82' lang='lat' dir='ltr'>nominati,</span> <span class='ocrx_word' id='word_1_90' title='bbox 281 1097 388 1145; x_wconf 85' lang='lat' dir='ltr'>suspectos</span> <span class='ocrx_word' id='word_1_91' title='bbox 401 1099 503 1133; x_wconf 89' lang='lat' dir='ltr'>tamense</span> <span class='ocrx_word' id='word_1_92' title='bbox 514 1098 535 1133; x_wconf 91' lang='lat' dir='ltr'>et</span> <span class='ocrx_word' id='word_1_93' title='bbox 544 1091 624 1133; x_wconf 86' lang='lat' dir='ltr'>invisos</span> <span class='ocrx_word' id='word_1_94' title='bbox 635 1094 709 1133; x_wconf 91' lang='lat' dir='ltr'>sentie-</span> 
     </span>
     <span class='ocr_line' id='line_1_15' title="bbox 38 1164 745 1214; baseline 0 -12"><span class='ocrx_word' id='word_1_95' title='bbox 38 1164 95 1204; x_wconf 87' lang='lat' dir='ltr'>bant.</span> <span class='ocrx_word' id='word_1_96' title='bbox 123 1165 178 1203; x_wconf 86' lang='lat' dir='ltr'>Nam</span> <span class='ocrx_word' id='word_1_97' title='bbox 193 1168 214 1203; x_wconf 91' lang='lat' dir='ltr'>et</span> <span class='ocrx_word' id='word_1_98' title='bbox 228 1165 299 1203; x_wconf 90' lang='lat' dir='ltr'>statim</span> <span class='ocrx_word' id='word_1_99' title='bbox 315 1165 406 1204; x_wconf 91' lang='lat' dir='ltr'>seductis</span> <span class='ocrx_word' id='word_1_100' title='bbox 422 1177 519 1214; x_wconf 83' lang='lat' dir='ltr'>magnam</span> <span class='ocrx_word' id='word_1_101' title='bbox 533 1164 585 1203; x_wconf 79' lang='lat' dir='ltr'>fecit</span> <span class='ocrx_word' id='word_1_102' title='bbox 600 1164 708 1214; x_wconf 84' lang='lat' dir='ltr'>invidiam,</span> <span class='ocrx_word' id='word_1_103' title='bbox 736 1171 745 1176; x_wconf 59' lang='lat'>²</span> 
     </span>
     <span class='ocr_line' id='line_1_16' title="bbox 8 1233 708 1284; baseline 0.001 -12"><span class='ocrx_word' id='word_1_104' title='bbox 8 1235 27 1271; x_wconf 80' lang='lat'>15</span> <span class='ocrx_word' id='word_1_105' title='bbox 38 1233 139 1273; x_wconf 88' lang='lat' dir='ltr'>destricto</span> <span class='ocrx_word' id='word_1_106' title='bbox 152 1234 221 1283; x_wconf 83' lang='lat' dir='ltr'>gladio</span> <span class='ocrx_word' id='word_1_107' title='bbox 237 1233 341 1273; x_wconf 88' lang='lat' dir='ltr'>affirmans</span> <span class='ocrx_word' id='word_1_108' title='bbox 357 1241 425 1284; x_wconf 76' lang='lat' dir='ltr'>sponte</span> <span class='ocrx_word' id='word_1_109' title='bbox 440 1247 460 1273; x_wconf 87' lang='lat' dir='ltr'>sc</span> <span class='ocrx_word' id='word_1_110' title='bbox 470 1237 591 1284; x_wconf 81' lang='lat' dir='ltr'>periturum,</span> <span class='ocrx_word' id='word_1_111' title='bbox 605 1237 624 1273; x_wconf 77' lang='lat' dir='ltr'>si</span> <span class='ocrx_word' id='word_1_112' title='bbox 636 1240 654 1273; x_wconf 82' lang='lat' dir='ltr'>et</span> <span class='ocrx_word' id='word_1_113' title='bbox 667 1236 708 1273; x_wconf 78' lang='lat' dir='ltr'>illis</span> 
     </span>
     <span class='ocr_line' id='line_1_17' title="bbox 38 1304 709 1354; baseline 0.001 -12"><span class='ocrx_word' id='word_1_114' title='bbox 38 1311 100 1343; x_wconf 78' lang='lat' dir='ltr'>morte</span> <span class='ocrx_word' id='word_1_115' title='bbox 110 1307 182 1354; x_wconf 70' lang='lat' dir='ltr'>diguus</span> <span class='ocrx_word' id='word_1_116' title='bbox 193 1307 299 1353; x_wconf 77' lang='lat' dir='ltr'>uideretur,</span> <span class='ocrx_word' id='word_1_117' title='bbox 310 1317 348 1343; x_wconf 91' lang='lat' dir='ltr'>nec</span> <span class='ocrx_word' id='word_1_118' title='bbox 363 1304 453 1344; x_wconf 80' lang='lat' dir='ltr'>cessavit</span> <span class='ocrx_word' id='word_1_119' title='bbox 465 1317 490 1343; x_wconf 79' lang='lat' dir='ltr'>ex</span> <span class='ocrx_word' id='word_1_120' title='bbox 504 1317 528 1343; x_wconf 91' lang='lat' dir='ltr'>eo</span> <span class='ocrx_word' id='word_1_121' title='bbox 540 1304 647 1343; x_wconf 88' lang='lat' dir='ltr'>criminari</span> <span class='ocrx_word' id='word_1_122' title='bbox 659 1304 709 1343; x_wconf 90' lang='lat' dir='ltr'>alte-</span> 
     </span>
     <span class='ocr_line' id='line_1_18' title="bbox 37 1374 547 1425; baseline 0 -12"><span class='ocrx_word' id='word_1_123' title='bbox 37 1387 85 1413; x_wconf 89' lang='lat' dir='ltr'>rum</span> <span class='ocrx_word' id='word_1_124' title='bbox 95 1374 156 1413; x_wconf 90' lang='lat' dir='ltr'>alteri</span> <span class='ocrx_word' id='word_1_125' title='bbox 166 1379 229 1425; x_wconf 88' lang='lat' dir='ltr'>atque</span> <span class='ocrx_word' id='word_1_126' title='bbox 237 1375 293 1413; x_wconf 84' lang='lat' dir='ltr'>inter</span> <span class='ocrx_word' id='word_1_127' title='bbox 303 1387 324 1413; x_wconf 90' lang='lat' dir='ltr'>se</span> <span class='ocrx_word' id='word_1_128' title='bbox 335 1375 402 1413; x_wconf 87' lang='lat' dir='ltr'>omnis</span> <span class='ocrx_word' id='word_1_129' title='bbox 412 1375 547 1413; x_wconf 88' lang='lat' dir='ltr'>committere.</span> 
     </span>
     <span class='ocr_line' id='line_1_19' title="bbox 65 1434 708 1501; baseline -0.003 -16"><span class='ocrx_word' id='word_1_130' title='bbox 65 1446 118 1485; x_wconf 90' lang='lat' dir='ltr'>Cum</span> <span class='ocrx_word' id='word_1_131' title='bbox 134 1445 249 1496; x_wconf 81' lang='lat' dir='ltr'>placuisset</span> <span class='ocrx_word' id='word_1_132' title='bbox 267 1445 371 1483; x_wconf 84' lang='lat' dir='ltr'>Palatinis</span> <span class='ocrx_word' id='word_1_133' title='bbox 389 1445 453 1501; x_wconf 23' lang='lat' dir='ltr'>ludis,</span> <span class='ocrx_word' id='word_1_134' title='bbox 465 1444 583 1496; x_wconf 87' lang='lat' dir='ltr'>spectaculo</span> <span class='ocrx_word' id='word_1_135' title='bbox 592 1434 593 1437; x_wconf 11' lang='grc' dir='ltr'><strong>Ἴ</strong></span> <span class='ocrx_word' id='word_1_136' title='bbox 603 1435 708 1494; x_wconf 84' lang='lat' dir='ltr'>egressum</span> 
     </span>
     <span class='ocr_line' id='line_1_20' title="bbox 38 1515 709 1566; baseline 0 -13"><span class='ocrx_word' id='word_1_137' title='bbox 38 1515 125 1554; x_wconf 90' lang='lat' dir='ltr'>meridie</span> <span class='ocrx_word' id='word_1_138' title='bbox 140 1515 231 1565; x_wconf 81' lang='lat' dir='ltr'>adgredi,</span> <span class='ocrx_word' id='word_1_139' title='bbox 241 1516 320 1566; x_wconf 84' lang='lat' dir='ltr'>primas</span> <span class='ocrx_word' id='word_1_140' title='bbox 333 1515 373 1554; x_wconf 87' lang='lat' dir='ltr'>sibi</span> <span class='ocrx_word' id='word_1_141' title='bbox 387 1519 457 1566; x_wconf 89' lang='lat' dir='ltr'>partes</span> <span class='ocrx_word' id='word_1_142' title='bbox 472 1515 556 1554; x_wconf 77' lang='lat' dir='ltr'>Cassius</span> <span class='ocrx_word' id='word_1_143' title='bbox 572 1515 664 1554; x_wconf 80' lang='lat' dir='ltr'>Chaerea</span> <span class='ocrx_word' id='word_1_144' title='bbox 673 1515 709 1553; x_wconf 92' lang='lat' dir='ltr'>tri-</span> 
     </span>
     <span class='ocr_line' id='line_1_21' title="bbox 8 1585 709 1638; baseline 0 -14"><span class='ocrx_word' id='word_1_145' title='bbox 8 1595 27 1624; x_wconf 79' lang='lat' dir='ltr'>ac</span> <span class='ocrx_word' id='word_1_146' title='bbox 38 1586 105 1625; x_wconf 86' lang='lat' dir='ltr'>hunus</span> <span class='ocrx_word' id='word_1_147' title='bbox 119 1586 209 1625; x_wconf 87' lang='lat' dir='ltr'>cohortis</span> <span class='ocrx_word' id='word_1_148' title='bbox 224 1586 339 1637; x_wconf 88' lang='lat' dir='ltr'>praetoriae</span> <span class='ocrx_word' id='word_1_149' title='bbox 351 1586 478 1638; x_wconf 88' lang='lat' dir='ltr'>depoposcit,</span> <span class='ocrx_word' id='word_1_150' title='bbox 491 1598 553 1637; x_wconf 89' lang='lat' dir='ltr'>quem</span> <span class='ocrx_word' id='word_1_151' title='bbox 565 1585 630 1625; x_wconf 78' lang='lat' dir='ltr'>Gaius</span> <span class='ocrx_word' id='word_1_152' title='bbox 644 1585 709 1624; x_wconf 92' lang='lat' dir='ltr'>senio-</span> 
     </span>
     <span class='ocr_line' id='line_1_22' title="bbox 37 1655 708 1706; baseline -0.001 -11"><span class='ocrx_word' id='word_1_153' title='bbox 37 1669 82 1695; x_wconf 88' lang='lat' dir='ltr'>rem</span> <span class='ocrx_word' id='word_1_154' title='bbox 91 1657 133 1695; x_wconf 88' lang='lat' dir='ltr'>iam</span> <span class='ocrx_word' id='word_1_155' title='bbox 143 1661 167 1695; x_wconf 93' lang='lat' dir='ltr'>ut</span> <span class='ocrx_word' id='word_1_156' title='bbox 176 1656 260 1695; x_wconf 90' lang='lat' dir='ltr'>mollem</span> <span class='ocrx_word' id='word_1_157' title='bbox 270 1660 292 1695; x_wconf 87' lang='lat' dir='ltr'>et</span> <span class='ocrx_word' id='word_1_158' title='bbox 301 1656 445 1695; x_wconf 83' lang='lat' dir='ltr'>effeminatum</span> <span class='ocrx_word' id='word_1_159' title='bbox 458 1656 556 1695; x_wconf 86' lang='lat' dir='ltr'>denotare</span> <span class='ocrx_word' id='word_1_160' title='bbox 566 1655 623 1694; x_wconf 92' lang='lat' dir='ltr'>omni</span> <span class='ocrx_word' id='word_1_161' title='bbox 632 1655 708 1706; x_wconf 89' lang='lat' dir='ltr'>probro</span> 
     </span>
     <span class='ocr_line' id='line_1_23' title="bbox 38 1728 706 1780; baseline -0.001 -14"><span class='ocrx_word' id='word_1_162' title='bbox 38 1732 148 1767; x_wconf 90' lang='lat' dir='ltr'>consuerat</span> <span class='ocrx_word' id='word_1_163' title='bbox 157 1733 178 1767; x_wconf 92' lang='lat' dir='ltr'>et</span> <span class='ocrx_word' id='word_1_164' title='bbox 187 1728 248 1767; x_wconf 89' lang='lat' dir='ltr'>modo</span> <span class='ocrx_word' id='word_1_165' title='bbox 258 1729 341 1778; x_wconf 85' lang='lat' dir='ltr'>signum</span> <span class='ocrx_word' id='word_1_166' title='bbox 353 1728 435 1780; x_wconf 89' lang='lat' dir='ltr'>petenti</span> <span class='ocrx_word' id='word_1_167' title='bbox 447 1728 548 1779; x_wconf 86' lang='lat' dir='ltr'>Priapum</span> <span class='ocrx_word' id='word_1_168' title='bbox 560 1731 596 1766; x_wconf 89' lang='lat' dir='ltr'>aut</span> <span class='ocrx_word' id='word_1_169' title='bbox 606 1728 706 1767; x_wconf 86' lang='lat' dir='ltr'>Venerem</span> 
     </span>
     <span class='ocr_line' id='line_1_24' title="bbox 38 1797 706 1849; baseline -0.003 -12"><span class='ocrx_word' id='word_1_170' title='bbox 38 1798 93 1848; x_wconf 87' lang='lat' dir='ltr'>dare,</span> <span class='ocrx_word' id='word_1_171' title='bbox 110 1799 172 1837; x_wconf 89' lang='lat' dir='ltr'>modo</span> <span class='ocrx_word' id='word_1_172' title='bbox 188 1811 214 1837; x_wconf 80' lang='lat' dir='ltr'>ex</span> <span class='ocrx_word' id='word_1_173' title='bbox 230 1798 301 1849; x_wconf 88' lang='lat' dir='ltr'>aliqua</span> <span class='ocrx_word' id='word_1_174' title='bbox 316 1811 378 1838; x_wconf 87' lang='lat' dir='ltr'>causa</span> <span class='ocrx_word' id='word_1_175' title='bbox 394 1797 465 1848; x_wconf 84' lang='lat' dir='ltr'>agenti</span> <span class='ocrx_word' id='word_1_176' title='bbox 479 1798 556 1848; x_wconf 86' lang='lat' dir='ltr'>gratias</span> <span class='ocrx_word' id='word_1_177' title='bbox 574 1797 706 1837; x_wconf 82' lang='lat' dir='ltr'>osculandam</span> 
     </span>
     <span class='ocr_line' id='line_1_25' title="bbox 38 1867 708 1919; baseline -0.001 -13"><span class='ocrx_word' id='word_1_178' title='bbox 38 1881 123 1907; x_wconf 91' lang='lat' dir='ltr'>manum</span> <span class='ocrx_word' id='word_1_179' title='bbox 142 1869 216 1907; x_wconf 79' lang='lat' dir='ltr'>offerre</span> <span class='ocrx_word' id='word_1_180' title='bbox 235 1869 347 1908; x_wconf 80' lang='lat' dir='ltr'>formatam</span> <span class='ocrx_word' id='word_1_181' title='bbox 370 1871 536 1919; x_wconf 88' lang='lat' dir='ltr'>commotamque</span> <span class='ocrx_word' id='word_1_182' title='bbox 555 1867 578 1906; x_wconf 90' lang='lat' dir='ltr'>in</span> <span class='ocrx_word' id='word_1_183' title='bbox 597 1868 708 1907; x_wconf 88' lang='lat' dir='ltr'>obscenum</span> 
     </span>
     <span class='ocr_line' id='line_1_26' title="bbox 7 1940 128 1978; baseline 0 -1"><span class='ocrx_word' id='word_1_184' title='bbox 7 1948 27 1977; x_wconf 81' lang='lat'>25</span> <span class='ocrx_word' id='word_1_185' title='bbox 38 1940 128 1978; x_wconf 86' lang='lat' dir='ltr'>modum.</span> 
     </span>
     <span class='ocr_line' id='line_1_27' title="bbox 65 2007 742 2060; baseline 0.003 -12"><span class='ocrx_word' id='word_1_186' title='bbox 65 2010 157 2048; x_wconf 87' lang='lat' dir='ltr'>Futurae</span> <span class='ocrx_word' id='word_1_187' title='bbox 171 2009 240 2049; x_wconf 90' lang='lat' dir='ltr'>caedis</span> <span class='ocrx_word' id='word_1_188' title='bbox 253 2010 321 2049; x_wconf 87' lang='lat' dir='ltr'>multa</span> <span class='ocrx_word' id='word_1_189' title='bbox 330 2009 426 2060; x_wconf 86' lang='lat' dir='ltr'>prodigia</span> <span class='ocrx_word' id='word_1_190' title='bbox 435 2009 568 2048; x_wconf 81' lang='lat' dir='ltr'>exstiterunt.</span> <span class='ocrx_word' id='word_1_191' title='bbox 597 2007 708 2060; x_wconf 82' lang='lat' dir='ltr'>Olympiae</span> <span class='ocrx_word' id='word_1_192' title='bbox 717 2016 742 2051; x_wconf 78' lang='lat'>57</span> 
     </span>
     <span class='ocr_line' id='line_1_28' title="bbox 39 2079 707 2131; baseline -0.001 -14"><span class='ocrx_word' id='word_1_193' title='bbox 39 2079 173 2118; x_wconf 88' lang='lat' dir='ltr'>simulacrum</span> <span class='ocrx_word' id='word_1_194' title='bbox 189 2080 253 2129; x_wconf 84' lang='lat' dir='ltr'>lovis,</span> <span class='ocrx_word' id='word_1_195' title='bbox 270 2080 327 2131; x_wconf 86' lang='lat' dir='ltr'>quod</span> <span class='ocrx_word' id='word_1_196' title='bbox 344 2079 431 2119; x_wconf 90' lang='lat' dir='ltr'>dissolvi</span> <span class='ocrx_word' id='word_1_197' title='bbox 449 2079 602 2129; x_wconf 75' lang='lat' dir='ltr'>transferrique</span> <span class='ocrx_word' id='word_1_198' title='bbox 619 2079 707 2117; x_wconf 83' lang='lat' dir='ltr'>Romam</span> 
     </span>
     <span class='ocr_line' id='line_1_29' title="bbox 189 2147 749 2201; baseline -0.004 -12"><span class='ocrx_word' id='word_1_199' title='bbox 189 2151 301 2201; x_wconf 87' lang='lat' dir='ltr'>placuerat,</span> <span class='ocrx_word' id='word_1_200' title='bbox 312 2154 395 2189; x_wconf 87' lang='lat' dir='ltr'>tantum</span> <span class='ocrx_word' id='word_1_201' title='bbox 405 2150 529 2189; x_wconf 88' lang='lat' dir='ltr'>cachinnum</span> <span class='ocrx_word' id='word_1_202' title='bbox 538 2152 624 2199; x_wconf 91' lang='lat' dir='ltr'>repente</span> <span class='ocrx_word' id='word_1_203' title='bbox 634 2147 707 2197; x_wconf 91' lang='lat' dir='ltr'>edidit,</span> <span class='ocrx_word' id='word_1_204' title='bbox 746 2185 749 2190; x_wconf 92' lang='grc'>,</span> 
     </span>
     <span class='ocr_line' id='line_1_30' title="bbox 38 2206 706 2288; baseline -0.003 -29"><span class='ocrx_word' id='word_1_205' title='bbox 38 2206 172 2288; x_wconf 53' lang='lat' dir='ltr'>{Jgssigjjgsf</span> <span class='ocrx_word' id='word_1_206' title='bbox 189 2225 213 2260; x_wconf 73' lang='lat' dir='ltr'>n</span> <span class='ocrx_word' id='word_1_207' title='bbox 227 2222 329 2261; x_wconf 67' lang='lat' dir='ltr'>mactans</span> <span class='ocrx_word' id='word_1_208' title='bbox 346 2217 456 2261; x_wconf 61' lang='lat' dir='ltr'>reuertens</span> <span class='ocrx_word' id='word_1_209' title='bbox 472 2221 556 2272; x_wconf 76' lang='lat' dir='ltr'>opifices</span> <span class='ocrx_word' id='word_1_210' title='bbox 573 2219 706 2269; x_wconf 60' lang='lat' dir='ltr'>(arnugum,</span> 
     </span>
     <span class='ocr_line' id='line_1_31' title="bbox 8 2266 707 2343; baseline 0 -16"><span class='ocrx_word' id='word_1_211' title='bbox 8 2298 27 2327; x_wconf 84' lang='lat'>30</span> <span class='ocrx_word' id='word_1_212' title='bbox 87 2266 99 2296; x_wconf 82' lang='lat' dir='ltr'>g</span> <span class='ocrx_word' id='word_1_213' title='bbox 167 2310 172 2318; x_wconf 61' lang='lat'>›-</span> <span class='ocrx_word' id='word_1_214' title='bbox 190 2293 351 2343; x_wconf 80' lang='lat' dir='ltr'>superrenitque</span> <span class='ocrx_word' id='word_1_215' title='bbox 363 2292 411 2331; x_wconf 91' lang='lat' dir='ltr'>ilico</span> <span class='ocrx_word' id='word_1_216' title='bbox 422 2291 508 2342; x_wconf 87' lang='lat' dir='ltr'>quidam</span> <span class='ocrx_word' id='word_1_217' title='bbox 520 2290 605 2330; x_wconf 79' lang='lat' dir='ltr'>Cassius</span> <span class='ocrx_word' id='word_1_218' title='bbox 617 2290 707 2339; x_wconf 89' lang='lat' dir='ltr'>nomine,</span> 
     </span>
     <span class='ocr_line' id='line_1_32' title="bbox 38 2360 708 2410; baseline -0.003 -10"><span class='ocrx_word' id='word_1_219' title='bbox 38 2363 118 2402; x_wconf 90' lang='lat' dir='ltr'>iussum</span> <span class='ocrx_word' id='word_1_220' title='bbox 127 2375 148 2401; x_wconf 91' lang='lat' dir='ltr'>se</span> <span class='ocrx_word' id='word_1_221' title='bbox 159 2363 239 2402; x_wconf 89' lang='lat' dir='ltr'>somnio</span> <span class='ocrx_word' id='word_1_222' title='bbox 246 2362 350 2401; x_wconf 88' lang='lat' dir='ltr'>affirmans</span> <span class='ocrx_word' id='word_1_223' title='bbox 361 2362 469 2400; x_wconf 89' lang='lat' dir='ltr'>immolare</span> <span class='ocrx_word' id='word_1_224' title='bbox 479 2367 562 2400; x_wconf 86' lang='lat' dir='ltr'>taurum</span> <span class='ocrx_word' id='word_1_225' title='bbox 572 2361 623 2399; x_wconf 86' lang='lat' dir='ltr'>Iovi.</span> <span class='ocrx_word' id='word_1_226' title='bbox 649 2360 708 2410; x_wconf 86' lang='lat' dir='ltr'>Capi-</span> 
     </span>
     <span class='ocr_line' id='line_1_33' title="bbox 38 2430 708 2484; baseline -0.001 -14"><span class='ocrx_word' id='word_1_227' title='bbox 38 2433 112 2471; x_wconf 90' lang='lat' dir='ltr'>tolium</span> <span class='ocrx_word' id='word_1_228' title='bbox 127 2432 210 2484; x_wconf 85' lang='lat' dir='ltr'>Capuae</span> <span class='ocrx_word' id='word_1_229' title='bbox 221 2432 251 2470; x_wconf 89' lang='lat' dir='ltr'>ld.</span> <span class='ocrx_word' id='word_1_230' title='bbox 263 2433 314 2471; x_wconf 85' lang='lat' dir='ltr'>Mar.</span> <span class='ocrx_word' id='word_1_231' title='bbox 326 2432 352 2470; x_wconf 93' lang='lat' dir='ltr'>de</span> <span class='ocrx_word' id='word_1_232' title='bbox 362 2432 419 2471; x_wconf 87' lang='lat' dir='ltr'>caelo</span> <span class='ocrx_word' id='word_1_233' title='bbox 431 2435 509 2470; x_wconf 89' lang='lat' dir='ltr'>tactum</span> <span class='ocrx_word' id='word_1_234' title='bbox 520 2435 557 2480; x_wconf 91' lang='lat' dir='ltr'>est,</span> <span class='ocrx_word' id='word_1_235' title='bbox 568 2430 619 2469; x_wconf 87' lang='lat' dir='ltr'>item</span> <span class='ocrx_word' id='word_1_236' title='bbox 628 2431 708 2469; x_wconf 80' lang='lat' dir='ltr'>Romae</span> 
     </span>
    </p>
   </div>
   <div class='ocr_carea' id='block_1_3' title="bbox 0 0 764 2600">
    <p class='ocr_par' dir='ltr' id='par_1_3' title="bbox 0 0 764 2600">
     <span class='ocr_line' id='line_1_34' title="bbox 0 0 764 2600; baseline 0 0"><span class='ocrx_word' id='word_1_237' title='bbox 0 0 764 2600; x_wconf 95' lang='lat' dir='ltr'> </span> 
     </span>
    </p>
   </div>
  </div>
 </body>
</html>
