1520 2600
69 115 96 156 38
120 122 140 155 c.
157 122 261 155 sunrcur
275 123 428 163 rnnncurnnr
443 123 477 154 Dr
491 123 552 155 Vrrn
566 123 702 155 cAnsnaurr

66 236 216 275 animadvertit
226 237 334 285 Augustus
344 237 366 275 in
379 249 402 275 eo
412 240 433 275 et
445 249 544 276 excusare
553 237 666 288 temptavit
676 249 737 287 saepe

66 307 122 357 apud
137 310 231 345 senatum
247 319 271 345 ac
285 306 391 357 populum,
402 306 510 357 professus
523 310 610 345 naturae
623 306 676 345 vitia
685 319 736 357 esse,

66 389 108 415 non
126 376 196 415 animi.
224 376 351 415 Valetudine
370 376 510 427 prosperrima
524 390 574 416 usus
591 380 629 425 est,
644 381 737 427 tempore

67 447 152 497 quidem
164 446 294 497 principatus
307 459 373 497 paene
384 449 428 499 toto
441 459 505 497 prope
518 447 603 495 inlaesa,
616 446 711 503 quamvis
725 460 737 486 a

46 516 172 555 5tricesirno
191 516 266 554 aetatis
285 529 339 554 anno
358 516 461 554 arbitratu
479 528 523 555 eam
544 529 581 555 suo
597 516 675 554 rexerit
691 516 736 555 sine

66 585 186 624 adiumento
200 585 313 624 consiliove
326 586 458 624 medicorum.

94 655 154 694 Circa
163 656 212 694 deos
224 667 248 693 ac
260 655 373 705 religiones
387 655 537 705 neglegentior,
548 655 626 706 quippe
639 655 735 695 addictus
746 661 757 693 6

66 767 181 805 Superstition
218 725 736 776 mathematicaeplennsquepersuasionis,cnncta

217 795 263 833 fato
273 795 312 845 agi.
347 794 449 833 Tonitrua
464 798 536 833 tamen
552 799 635 845 praeter
651 795 734 833 modum

37 870 56 899 10
67 864 218 915 expavescebat
227 867 248 902 et
258 864 374 903 turbatiore
387 864 444 902 caelo
456 877 572 914 numquam
584 877 627 902 non
639 876 736 902 coronam

21 967 26 972 ,
67 933 160 971 lauream
174 933 242 984 capite
257 934 354 983 gestavit,
365 933 421 983 quod
433 933 523 971 fulmine
536 934 602 972 afflari
614 937 701 983 negetur
713 934 736 972 id

66 1016 131 1052 genus
142 1003 229 1042 frondis.

92 1072 155 1110 Artes
168 1071 265 1111 liberales
279 1073 389 1123 utriusque
402 1072 484 1122 generis
497 1073 651 1111 studiosissime
664 1072 733 1111 coluit.
745 1079 756 1110 7

217 1142 242 1179 Iu
251 1143 343 1181 oratione
350 1142 428 1181 Latina
435 1145 517 1182 secutus
524 1146 556 1181 est
563 1142 675 1181 Corvinum
681 1143 735 1181 Mes-

216 1211 288 1260 salam,
303 1225 365 1262 quern
379 1224 450 1250 senem
466 1212 588 1250 adulescens
608 1212 733 1250 observarat.

216 1281 258 1319 Sed
267 1281 400 1320 affectatione
408 1285 428 1319 et
435 1281 556 1319 morositate
565 1281 632 1319 nimia
642 1281 735 1320 obscure-

64 1352 101 1389 hat
111 1351 189 1399 stilum,
197 1354 221 1388 ut
231 1350 339 1400 aliquanto
348 1363 374 1389 ex
384 1354 477 1401 tempore
485 1363 547 1399 quarn
555 1363 567 1389 a
574 1363 623 1389 cura
630 1353 735 1405 praestan-

65 1421 106 1458 tior
116 1421 233 1458 haberetur.
262 1420 385 1471 Composuit
394 1424 416 1458 et
425 1432 508 1458 carmen
523 1420 619 1470 lyricum,
629 1419 688 1458 cuius
702 1425 734 1458 est

65 1490 141 1528 titulus
153 1490 273 1538 Conquestio
282 1492 306 1528 de
315 1496 378 1528 rrrorte
389 1491 414 1528 L.
427 1490 526 1529 Oceania
555 1489 614 1528 Fecit
625 1493 646 1527 et
656 1489 735 1528 Graeca

35 1572 54 1600 20
65 1563 161 1610 poemata
174 1559 271 1598 inritatus
285 1560 442 1611 Euphorionem
457 1563 478 1597 et
491 1560 598 1598 Rhianum
613 1563 635 1597 et
648 1559 734 1598 Parthe-

69 1196 99 1225 His
107 1196 178 1232 literary

36 1227 55 1255 15
70 1244 147 1283 pursuits

65 1630 129 1678 nium,
138 1624 214 1679 quibus
223 1629 291 1680 poetis
302 1630 414 1668 admodum
424 1629 545 1678 delectatus,
554 1630 633 1680 scripta
641 1630 734 1667 omnium

59 1703 86 1737 et
100 1700 201 1748 imagines
220 1699 311 1749 publicis
330 1699 463 1737 bibliothecis
478 1698 533 1738 inter
547 1703 628 1737 veteres
643 1703 664 1737 et
677 1711 734 1749 prae-

64 1769 136 1819 cipuos
149 1772 244 1807 auctores
257 1768 369 1818 dedicarit,
380 1772 400 1807 et
410 1769 435 1807 ob
445 1768 484 1807 ho'c
496 1768 591 1820 plerique
605 1768 734 1807 eruditorum

18 1870 20 1872 .
65 1839 161 1877 certatim
170 1839 197 1877 ad
207 1851 254 1876 eum
263 1839 331 1877 multa
340 1839 365 1877 de
375 1839 408 1877 his
418 1838 534 1877 ediderunt.
563 1838 656 1877 Maxime
663 1842 734 1876 tamen

34 1908 146 1947 accuravit
159 1907 258 1946 notitiam
272 1907 372 1947 historiae
390 1907 493 1946 fabularis
512 1920 579 1958 usque
597 1908 624 1946 ad
642 1907 733 1957 ineptias

50 1977 127 2029 'atque
142 1978 244 2027 derisum,
264 1991 312 2017 nam
325 1982 347 2017 et
357 1977 508 2028 grammaticos,
520 1978 575 2029 quod
589 1990 654 2028 genus
668 1977 733 2016 honri-

64 2061 113 2086 num
128 2048 245 2098 praecipue,
260 2051 284 2086 ut
303 2048 401 2097 diximus,
416 2047 534 2098 appetebat,
549 2047 594 2086 eius
613 2047 670 2085 modi
688 2047 733 2086 fere

64 2117 221 2169 quaestionibus
240 2118 392 2168 experiebatur,
407 2130 458 2167 price
477 2123 542 2157 artarer
560 2118 660 2167 Hecubae,
681 2120 733 2167 crioil

64 2188 139 2226 Achilli
152 2201 225 2226 arciaca
238 2190 290 2226 iuter
304 2191 391 2239 uir-pines
401 2191 481 2237 flasset,
492 2191 541 2237 quid
554 2188 638 2227 Sirenes
652 2193 733 2227 ceinture

34 2268 53 2298 30
64 2260 104 2296 sint
113 2259 184 2296 solitae
195 2258 204 2296 ,9
231 2257 260 2295 Et
270 2269 310 2308 quo
320 2257 411 2309 primum
421 2257 455 2296 die
464 2261 513 2308 post
523 2270 630 2297 excessum
640 2257 733 2307 Augusti

64 2328 142 2367 curiam
157 2327 251 2376 intravit,
262 2328 323 2378 qnasi
332 2327 407 2379 pietati
417 2327 480 2367 simul
490 2340 513 2367 ac
522 2327 620 2377 religioni
630 2328 682 2366 satis
692 2327 734 2367 fac-

63 2404 129 2446 turus,
144 2397 223 2435 Minois
238 2397 338 2448 exemplo,
348 2401 395 2436 ture
409 2397 494 2448 quidem
509 2410 531 2436 ac
541 2397 592 2436 rino
601 2409 673 2436 verum
688 2397 733 2436 sine
