1520 2600
41 116 82 159 120
109 126 128 159 C.
144 126 249 159 SUETONI
262 126 414 166 TRANQUILLI
427 127 461 159 Du
473 128 534 159 VITA
548 127 683 161 CAESARUM

40 253 124 280 versum
137 240 160 279 id
172 241 227 279 iuter
239 241 391 280 exsultationes
405 241 619 293 succlamationesque
632 242 709 293 populi.

40 311 147 350 Victorem
162 316 232 350 autem
247 311 328 361 seipse
343 312 503 362 pronuntiabat,
519 312 599 362 quade
614 325 676 351 causa
686 316 711 360 et

40 380 151 431 praeconio
172 381 251 430 ubique
279 381 393 419 contendit.
430 382 462 419 Ac
484 394 510 420 ne
540 382 599 420 cuius
624 382 710 421 alterins

40 451 195 490 hieronicarum
212 441 312 489 memoria
328 455 364 490 aut
378 451 491 501 vestigium
508 454 599 491 exstaret
615 465 710 503 usquam,

19 535 29 563 5
41 521 134 560 subverti
148 525 169 559 et
184 533 237 559 unco
251 520 307 559 trahi
320 521 418 571 abicique
428 520 451 559 in
464 521 553 560 latrinas
566 523 659 560 omnium
672 526 711 561 sta·
747 529 749 532 ’

40 595 87 630 tuas
107 595 128 630 ct
146 591 248 640 imagines
270 590 386 641 imperavit.
415 590 528 640 Aurigavit
548 604 629 642 quoque
648 592 712 643 phiri-

40 661 122 710 fariam,
140 660 245 711 Olympiis
262 672 311 699 vero
331 661 395 698 etiam
411 661 559 710 decemiugem,
577 662 671 712 quamvis
689 662 711 700 id

40 731 109 782 ipsum
124 731 146 769 in
162 743 210 780 rege
229 729 359 769 Mithradate
374 730 465 768 carmine
484 732 574 781 quodam
591 744 628 770 suo
644 744 711 782 repre-

40 801 160 849 hendisset3
175 801 212 839 sed
226 812 324 839 excussus
340 812 401 838 curru
416 812 439 838 ac
453 813 524 839 rursus
538 802 649 851 repositus,
664 814 710 839 cum
731 846 733 850 Ι

10 881 29 911 10
40 871 152 921 perdurare
165 882 207 908 nou
221 872 298 920 posset,
309 869 391 908 destitit
408 874 456 908 ante
472 870 591 921 decursum,
606 883 672 921 neque
687 883 711 909 eo

41 937 231 979 setius'coronatns
246 943 283 978 est.
312 939 419 978 Decedeus
434 939 509 978 deinde
523 940 652 990 provinciam
667 941 711 978 uni-

39 1022 120 1049 versam
137 1009 235 1048 libertate
250 1009 342 1058 donavit,
358 1008 462 1059 simulque
477 1009 556 1048 iudices
571 1010 657 1048 civitate
671 1010 711 1048 Ro-

40 1092 101 1118 mana
111 1083 132 1118 et
142 1079 231 1130 pecunia
242 1078 322 1128 grandi.
351 1079 408 1124 Quae
420 1079 521 1118 beneficia
533 1092 544 1117 e
559 1079 627 1117 medio
642 1080 710 1118 stadio

40 1150 177 1189 Isthmiorum
187 1149 221 1187 die
231 1137 269 1187 sua
278 1148 323 1199 ipse
333 1161 383 1187 voce
392 1149 542 1199 pronuntiavit.

10 1230 28 1258 15
66 1220 171 1258 Reversus
189 1230 200 1256 e
219 1218 307 1257 Graecia
324 1218 442 1269 Neapolim,
462 1219 518 1269 quod
536 1219 558 1257 in
577 1231 601 1257 ea
619 1220 710 1270 primum
719 1226 744 1257 25

40 1293 105 1328 artem
115 1289 237 1340 protulerat,
248 1288 302 1327 alhis
312 1289 372 1339 equis
382 1289 471 1338 introiit,
482 1289 569 1328 disiecta
579 1294 637 1340 parte
649 1291 709 1338 muri,

39 1344 155 1425 ffisemyas'
190 1362 214 1396 ut
228 1370 272 1396 mos
286 1358 436 1396 hieronicarum
451 1362 493 1408 est3
514 1359 578 1397 simili
593 1359 654 1397 modo
668 1360 710 1396 An·
748 1404 751 1408 Ι

40 1445 128 1475 conqueror
136 1436 172 1466 into
190 1429 249 1477 tium,
265 1428 313 1466 iude
328 1427 440 1476 Albanum,
455 1428 504 1467 inde
518 1429 618 1478 Romam,
638 1428 675 1467 sed
689 1433 710 1467 et

39 1486 107 1517 various
115 1485 164 1516 ‘³5⁹⁵
190 1498 279 1536 Romam
289 1510 312 1536 eo
325 1510 392 1547 curru,
403 1510 443 1548 quo
455 1498 564 1549 Augustus
575 1498 625 1536 olim
639 1498 710 1537 triurn-

9 1570 147 1621 rophaverat,
167 1572 188 1607 et
206 1569 229 1606 in
249 1567 328 1621 [veste]
349 1580 455 1618 purpurea
478 1567 618 1619 distinctaque
641 1568 709 1607 stellis

40 1639 108 1678 aureis
119 1638 235 1689 chlamyde,
247 1650 383 1688 coronamque
394 1637 462 1689 capite
473 1650 546 1687 gerens
559 1638 708 1689 Olympiacam,

39 1710 114 1748 dextra
125 1721 189 1747 mauu
200 1708 306 1758 Pythiam,
320 1712 432 1758 praeeunte
444 1720 520 1759 pompa
534 1712 648 1747 ceterarum
662 1720 709 1746 cum

39 1779 114 1828 titulis,
133 1778 170 1817 uhi
191 1782 213 1816 et
233 1790 284 1828 quos
306 1789 347 1827 quo
365 1778 486 1817 cantionum
505 1790 572 1828 quove
590 1778 708 1817 fabularum

39 1853 161 1899 argumento
175 1848 272 1898 vicisset,
292 1848 426 1899 sequentibus
444 1861 526 1886 currum
544 1848 650 1887 ovantium
666 1848 709 1886 ritu

9 1934 28 1963 25
39 1919 176 1971 plausoribus,
196 1917 339 1967 Augustianos
358 1917 477 1968 militesque
499 1930 521 1957 se
540 1918 643 1968 triumphi
664 1918 708 1957 eius

39 1989 202 2028 clamitantibus.
231 1988 318 2036 Dehinc,
335 1988 405 2027 diruto
422 1987 477 2026 Circi
495 1988 584 2027 Maximi
601 2000 655 2038 arcu,
672 2001 709 2039 per

39 2059 152 2099 Velabrum
166 2059 277 2109 forumque
290 2058 396 2097 Palatium
411 2061 432 2096 et
446 2058 567 2110 Apollinem
580 2058 640 2109 petit.
675 2059 709 2096 ln-

39 2130 121 2168 cedeuti
131 2129 210 2179 passim
219 2129 317 2167 victimae
327 2141 398 2167 caesae
409 2141 481 2179 sparso
490 2141 527 2180 per
536 2128 582 2167 vias
594 2128 707 2167 identidem

39 2212 103 2249 croco,
118 2199 254 2249 ingestaeque
268 2211 317 2237 aves
332 2211 355 2237 ac
369 2198 465 2238 lemnisci
479 2202 500 2238 et
514 2193 606 2238 bellaria.
635 2198 707 2238 Sacras

9 2283 28 2312 30
39 2282 124 2310 coronas
139 2269 161 2308 in
176 2269 277 2308 cubiculis
293 2269 371 2307 circum
386 2269 451 2308 lectos
468 2269 544 2320 posuit,
559 2269 611 2307 item
627 2271 708 2308 statuas

39 2353 86 2380 suas
100 2339 241 2379 citharoedico
252 2339 326 2378 habitu
339 2338 390 2389 (qua
401 2343 451 2378 nota
465 2339 528 2378 etiarn
543 2352 650 2377 nummum
664 2351 709 2390 per-

38 2411 120 2463 cussit).
149 2410 180 2449 Ac
189 2413 237 2460 post
246 2409 298 2448 haec
310 2412 394 2447 tantum
406 2409 460 2448 afuit
474 2422 486 2448 a
499 2409 625 2448 remittendo
639 2409 709 2448 laxan-
