1520 2600
41 99 83 141 114
109 108 128 141 C.
143 106 247 141 SUETONI
259 105 411 146 TRANQUlLLI
425 106 458 138 Du
473 105 534 137 VITA
548 104 683 138 OAESARUM
716 116 718 118 ’

40 228 97 262 trum
110 236 134 262 ac
148 236 220 262 rursus
235 222 388 273 supplicantem
400 221 462 259 iuxta
474 233 495 259 se
505 221 573 259 >latere
583 221 657 259 dextro
668 233 714 259 con-

40 293 122 333 locavit.
161 293 193 332 Ob
216 305 269 343 quae
290 293 403 343 imperator
425 291 576 340 consalutatus,
595 291 667 330 laurea
690 290 713 328 111

40 364 168 415 Capitolium
177 363 226 412 lata,
238 363 312 400 lanum
326 362 431 411 geminum
444 361 525 410 clausit,
536 365 644 411 tamquam
654 361 712 399 nullo
723 369 748 400 14

39 435 122 473 residuo
132 433 192 472 bello.

19 514 28 542 5
67 505 192 544 Consulatus
200 507 299 554 quattuor
307 503 380 553 gessit:
393 502 485 552 primum
492 502 634 551 bimenstrem,
643 514 713 540 secuu-

39 617 139 647 consulates
190 574 267 612 dumet
277 573 414 612 novissimum
425 576 557 622 semenstres,
568 573 654 612 tertium
665 585 712 624 qna-

192 644 347 692 drimenstrem3
363 642 442 681 medios
455 643 507 682 dnos
519 643 656 692 continuavit,
666 642 712 682 reli·
730 686 732 691 Ι

39 727 91 765 quos
104 713 159 752 inter
172 726 241 753 annua
254 714 323 764 spatia
335 713 431 752 variavit.
460 714 487 752 In
498 714 550 752 iuris
562 714 652 753 dictione
667 723 745 765 pos-15

39 784 172 833 tulatoribus,
183 784 224 823 uisi
237 783 333 834 sequenti
346 783 380 821 die
392 795 416 822 ae
429 796 466 834 per
475 783 564 832 libellos,
579 797 621 822 non
634 788 711 823 temere

10 861 29 890 10
192 854 305 905 respondit.
335 853 477 904 Cognoscendi
489 866 568 893 morem
579 867 627 892 eum
636 855 710 903 tenuit,

39 910 150 940 administra·
477 910 479 913 ’

7 953 11 958 .
39 961 75 990 tion
192 929 222 974 ut,
233 924 338 963 continuis
351 924 468 963 actionibus
487 925 575 973 omissis,
588 924 711 974 singillatim

192 1006 286 1045 quaeque
300 1006 337 1045 per
351 994 407 1032 vices
423 998 498 1043 ageret.
528 995 628 1040 Quotiens
641 1001 711 1033 autem

39 1066 66 1104 ad
76 1065 237 1104 consultandum
249 1065 360 1113 secederet,
370 1076 438 1114 neque
448 1064 471 1102 in
481 1077 589 1103 commrme
600 1064 711 1115 quicquam

39 1147 106 1186 neque
117 1135 225 1186 propalam
238 1134 371 1183 deliberabat,
383 1134 420 1173 sed
433 1135 561 1185 conscriptas
575 1136 601 1174 ab
612 1147 654 1173 uno
664 1147 712 1185 quo-

9 1213 28 1242 15
39 1218 79 1256 qne
86 1204 201 1244 sententias
209 1204 286 1243 tacitus
296 1215 320 1243 ac
328 1207 407 1243 secreto
416 1203 493 1254 legens,
503 1205 559 1255 quod
567 1204 609 1255 ipsi
614 1204 712 1244 libuisset

39 1275 125 1326 perinde
133 1280 196 1326 atque
205 1274 301 1326 pluribus
312 1274 368 1312 idern
379 1274 485 1313 videretur
496 1275 651 1325 pronuntiabat.

66 1346 92 1384 In
102 1346 180 1384 curiam
188 1344 334 1384 libertinorum
342 1343 397 1383 filios
406 1344 443 1383 diu
451 1357 494 1383 non
504 1345 600 1395 admisit,
613 1344 710 1385 admissis

39 1428 52 1454 a
62 1415 166 1467 prioribus
180 1415 310 1466 principibus
325 1414 414 1453 honores
429 1415 546 1464 denegavit.
576 1415 710 1463 Candidatus,

39 1486 76 1536 qui
95 1498 158 1537 snpra
176 1498 285 1524 nnmerum
307 1489 382 1534 essent,
398 1484 421 1523 in
441 1484 541 1524 solacium
562 1479 669 1525 dilationis
687 1498 711 1525 ac

8 1561 28 1591 au
39 1568 107 1595 morae
119 1556 236 1606 legionibus
250 1556 377 1607 praeposuit.
408 1555 543 1595 Consulatum
559 1555 581 1594 iu
596 1568 656 1595 senos
670 1557 712 1607 ple-

38 1638 126 1676 rumque
133 1638 215 1665 menses
223 1626 287 1664 dedit.
312 1626 459 1675 Defunctoque
470 1625 525 1664 circa
534 1625 583 1664 Kal.
592 1626 636 1665 Ian.
645 1626 711 1665 altero

39 1697 190 1745 econsulibus,
206 1696 310 1735 neminem
326 1696 441 1744 substituit,
457 1695 576 1746 improbans
593 1697 710 1747 exemplum

39 1771 99 1806 vetus
110 1767 185 1807 Canini
194 1766 265 1806 Rebili
275 1770 316 1806 nno
327 1767 360 1805 die
371 1766 467 1805 consulis.
498 1766 645 1817 Triumphalia
654 1779 711 1806 orna-

39 1841 110 1876 menta
119 1838 183 1877 etiam
193 1838 324 1888 quaestoriae
336 1837 446 1887 dignitatis
457 1839 478 1875 et
488 1836 595 1876 nonnullis
606 1850 631 1875 ex
641 1849 712 1888 eques-

9 1916 27 1945 25
38 1909 66 1946 tri
85 1909 158 1947 ordine
176 1908 257 1957 tribuit,
277 1908 406 1959 nec'utique
426 1908 451 1946 de
471 1919 533 1946 causa
551 1907 643 1946 militari.
678 1909 711 1946 De

39 1979 163 2030 quibusdam
174 1979 235 2018 rebus
246 1979 349 2018 orationes
360 1979 386 2017 ad
396 1982 492 2017 senatum
506 1978 586 2026 missas,
598 1978 711 2029 praeterito

39 2049 155 2100 quaestoris
177 2049 248 2098 officio,
268 2061 305 2100 per
327 2048 433 2088 consulem
456 2048 579 2100 plerumque
603 2048 709 2088 recitabat.

38 2121 135 2159 Formam
146 2119 287 2159 aedificiorum
299 2119 356 2158 urbis
367 2131 443 2158 novam
456 2119 588 2168 excogitauit,
600 2115 654 2158 et'ut
663 2123 711 2158 ante
721 2129 746 2161 16

39 2190 119 2230 insulas
138 2203 162 2229 ac
181 2190 252 2228 domos
270 2189 362 2240 porticus
382 2193 458 2238 essent,
476 2190 501 2228 de
521 2202 609 2240 quarum
629 2189 711 2229 solariis

9 2265 28 2295 30
38 2246 136 2300 incendia
145 2264 276 2309 aucmentum
292 2272 367 2309 easque
382 2263 466 2310 sumptu
482 2272 520 2298 suo
532 2259 642 2299 exstruxit.
672 2261 712 2298 De-

40 2331 128 2370 stinarat
138 2331 202 2369 etiam
215 2330 275 2369 Ostia
287 2333 348 2368 tenus
362 2330 444 2368 moenia
458 2342 578 2380 promovere
588 2335 652 2381 atque
662 2332 722 2383 inde,

39 2402 96 2440 fossa
106 2413 162 2439 mare
172 2400 239 2438 veteri
249 2399 295 2438 urbi
305 2399 409 2438 inducere.
