1520 2600
38 139 65 182 92
89 148 109 181 c.
125 147 229 181 scuronr
244 145 396 187 rannoumnr
411 135 444 179 nn
460 146 521 180 vira
537 134 671 180 cnnsraur‘r

38 276 124 315 eamque
141 264 187 315 ipse
203 264 247 302 iure
262 262 348 302 maximi
366 262 528 314 pontificis-pro
542 262 616 302 rostris
630 262 708 314 populo

39 334 129 386 praeiret
139 338 283 384 summotaque
293 333 434 384 operariorum
444 346 591 384 servorumque
601 334 668 373 turba.

65 405 143 443 Rerum
158 407 233 452 actum,
244 403 335 443 divisum
350 407 412 442 autea
426 404 449 442 in
462 404 560 442 hibernos
575 404 707 455 aestiuosque
717 411 742 445 23

38 487 126 524 menses,
137 474 250 513 coniunxit.
284 474 340 513 Iuris
354 474 468 513 dictionem
482 475 507 513 de
521 473 571 512 fidei
585 474 707 525 commissis,

18 554 27 583 5
189 545 302 595 quotannis
312 548 333 583 et
342 547 426 583 tantum
440 545 462 583 in
476 545 526 583 urbe
540 544 631 594 delegari
645 544 708 594 magi-

58 600 130 680 Ξέὶᾞ
190 614 290 655 stratibus
301 615 391 664 solitam,
401 609 558 666 inperpetuum
568 619 631 666 atque
644 615 708 654 etiam

189 698 226 736 per
251 685 370 735 provincias
398 684 538 735 potestatibus
567 685 706 724 demandavit.

40 756 110 806 Capiti
117 756 196 807 Papiae
203 757 313 806 Poppaeae
321 754 373 804 legis
381 767 394 793 a
403 755 487 794 Tiberio
495 756 588 805 Caesare,
597 755 657 806 quasi
666 768 709 794 sex-

39 825 132 875 agenarii
143 837 241 877 generare
253 838 295 864 non
310 828 401 876 possent,
412 825 484 880 addito
495 825 609 875 obrogavit.
634 825 709 865 Sannit

10 908 29 937 10
39 900 64 934 ut
79 895 167 947 pupillis
182 900 241 934 extra
256 896 350 934 ordinem
368 898 449 934 tutores
468 908 481 934 a
499 896 619 935 consulibus
638 896 709 934 daren-

39 970 79 1015 tur,
98 970 163 1017 utque
182 966 204 1016 ii,
219 966 294 1016 quibus
310 965 492 1015 arnagistratibus
509 967 628 1016 provinciae
646 965 710 1004 inter-

40 1036 165 1086 dicerentur,
174 1036 225 1075 urbe
241 1048 323 1086 quoque
337 1039 358 1074 et
368 1035 433 1074 Italia
446 1031 631 1075 summoverentur.
660 1036 709 1087 Ipse

40 1106 141 1157 quosdam
148 1119 202 1145 nouo
212 1106 307 1157 exemplo
314 1105 421 1155 relegarit,
429 1110 453 1144 ut
460 1106 517 1144 ultra
523 1105 616 1156 lapidem
622 1092 709 1145 tertium

40 1180 122 1215 vetaret
127 1176 202 1226 egredi
211 1176 237 1214 ab
246 1176 302 1215 urbe.

10 1257 29 1285 15
67 1247 99 1284 De
111 1246 189 1285 maiore
202 1244 286 1295 negotio
299 1249 383 1284 acturus
393 1244 488 1294 incuria,
502 1245 583 1285 medius
596 1246 651 1284 inter
664 1258 710 1284 con-

41 1316 111 1355 sulum
121 1316 183 1354 sellas
193 1315 306 1354 tribunicio
316 1314 415 1354 subsellio
426 1316 517 1354 sedebat.
555 1316 687 1354 Commeatus
698 1328 710 1354 a

191 1388 265 1424 senatu
274 1385 318 1436 peti
329 1384 402 1424 solitos
412 1384 509 1423 beneficii
519 1385 552 1423 sui
561 1385 618 1423 fecit.
647 1385 710 1429 011111-
719 1392 744 1424 24

190 1458 262 1493 nrenta
280 1454 398 1493 consularia
412 1454 476 1493 etiam
490 1455 659 1505 procuratoribus
675 1455 710 1493 du-

191 1524 280 1563 cenariis
299 1523 393 1563 indulsit.
437 1524 566 1562 Senatoriam
585 1525 710 1574 dignitatem

60 1439 123 1469 official

59 1488 130 1519 reforms

10 1606 30 1635 20
40 1594 185 1633 recusantibus
198 1597 315 1644 equestrem
325 1605 407 1644 quoque
418 1594 501 1632 ademit.
535 1594 610 1633 Latum
621 1594 709 1643 clavum,

41 1663 136 1713 quamvis
143 1663 206 1702 initio
218 1663 342 1703 affirmasset
351 1676 392 1701 non
403 1663 505 1702 lecturum
514 1676 536 1702 se
544 1668 661 1702 senatorem
668 1663 710 1701 nisi

41 1733 93 1772 civis
103 1733 193 1772 Romani
206 1734 335 1783 abnepotem,
346 1733 410 1771 etiam
422 1733 516 1772 libertini
527 1733 572 1772 filio
581 1733 662 1782 tribuit,
674 1734 711 1772 sed

41 1803 80 1842 sub
87 1803 209 1841 condicione
219 1803 237 1841 si
245 1804 303 1853 prius
312 1804 338 1842 ab
345 1803 416 1853 equite
424 1805 519 1842 Romano
526 1804 637 1854 adoptatus
646 1806 708 1853 esset,

41 1885 64 1911 ac
72 1873 101 1911 sic
111 1885 193 1923 quoque
204 1873 386 1923 reprehensionem
396 1886 476 1922 verens,
487 1877 508 1911 et
518 1873 611 1923 Appium
621 1873 710 1912 Caecum

10 1957 29 1986 25
41 1954 152 1991 censorem,
163 1942 244 1992 generis
259 1943 291 1981 sui
301 1947 450 1993 proauctcrern,
460 1943 607 1981 libertinorum
619 1942 674 1981 filios
687 1941 710 1980 in

41 2016 137 2051 senatum
151 2012 254 2062 adlegisse
268 2012 344 2062 docuit,
360 2013 452 2062 ignarus,
468 2012 597 2063 temporibus
612 2011 670 2062 Appi
688 2016 710 2049 et

41 2082 139 2132 deinceps
148 2082 278 2133 aliquamdiu
288 2083 397 2122 libertinos
408 2083 475 2121 dictos
483 2095 524 2120 non
532 2082 596 2132 ipsos,
604 2082 640 2132 qui
646 2093 710 2119 manu

40 2152 192 2201 emitterentur,
204 2152 241 2191 sed
255 2152 355 2202 ingenuos
371 2165 396 2190 ex
411 2151 444 2192 his
459 2155 583 2203 procreatos.
617 2150 709 2201 Collegio

4 2222 8 2226 ’
41 2208 173 2273 quaestorum
193 2234 230 2272 pro
249 2225 341 2261 stratura
359 2222 441 2261 viarum
465 2214 614 2271 gladiatorium
633 2233 709 2259 munus

10 2305 29 2334 30
40 2291 133 2329 iniunxit
142 2292 277 2340 detractaque
287 2291 380 2331 Ostiensi
390 2294 411 2329 et
422 2291 504 2331 Gallica
514 2291 628 2341 provincia,
639 2298 709 2347 curam

40 2361 114 2400 aerarii
129 2361 214 2400 Saturni
228 2360 326 2409 reddidit,
337 2373 400 2411 quam
415 2361 483 2399 medio
496 2364 590 2410 ternpore
604 2363 709 2410 praetores

40 2434 81 2479 aut,
91 2430 124 2468 uti
133 2442 194 2479 nunc,
204 2432 302 2480 praetura
311 2430 381 2468 iuncti
391 2430 540 2470 sustinuerant
