1520 2600
239 111 247 117 ’·
261 111 336 144 arana
351 112 383 144 vr.
419 112 490 144 uano.
670 91 712 146 127

41 226 130 265 tiatione
144 225 205 277 impii
219 229 240 265 et
253 224 350 265 scelerati
363 237 413 264 voce
426 224 534 276 praeconis
549 228 711 275 summoventur,

41 299 142 336 interesse
153 308 196 335 non
209 308 271 335 ausus
284 299 320 335 est.

69 366 143 405 Iunxit
152 365 264 417 parricidio
276 364 349 404 matris
361 365 437 404 amitae
446 377 523 404 necem.
553 366 620 412 Quam
629 378 675 404 cum
686 378 712 405 ex

42 436 118 476 duritie
129 435 171 475 alvi
181 435 292 474 cubantem
300 434 401 485 visitaret,
412 438 433 474 et
442 435 481 473 illa
489 439 581 483 tractans
592 435 711 486 lanuginem

41 507 92 556 eius,
101 509 126 545 ut
135 505 218 554 assolet,
228 505 270 543 iam
280 503 364 554 grandis
373 508 426 543 natu
435 517 472 556 per
482 504 561 543 blandi·
722 518 732 547 5

41 577 81 616 tias
89 577 144 615 forte
154 575 254 614 dixisset:
269 576 337 614 Sicani
343 576 394 613 tuac
404 587 501 624 excepero,
508 578 560 614 mori
577 559 702 647 fflffeffidlgs

41 648 97 685 uolo:
119 658 229 685 conversus
248 646 275 684 ad
293 644 399 696 proximos
419 646 522 694 confestim
540 658 560 684 se
657 695 658 698 Ἴ

40 719 156 766 portua-nm
175 715 234 754 velut
248 715 337 753 irridens
357 713 393 764 ait,
412 715 559 766 praecepitque
580 716 667 755 medicis
685 720 711 755 ut

40 786 118 836 largius
128 788 242 837 purgarent
249 797 339 834 aegram,
346 785 435 823 necdum
443 785 555 823 defunctae
562 786 617 824 bona
624 785 709 836 invasit,
748 810 751 816 ·

40 869 152 907 suppresso
162 858 294 904 testamento,
305 866 331 892 ne
341 854 526 904 quidabscederet.
548 865 549 871 ¹
721 865 740 893 10

4 933 29 964 35
66 928 149 966 Uxores
156 928 238 976 praeter
246 917 356 964 Octaviam
363 925 415 963 duas
423 927 496 975 postea
503 925 575 963 duxit:
590 927 708 976 Poppaeam

40 996 144 1045 Sabinam,
155 994 273 1045 quaestorio
283 997 342 1046 patre
351 998 423 1033 natam
434 998 455 1033 et
467 994 533 1044 equiti
543 995 638 1034 Romano
648 1000 709 1035 antea

39 1070 132 1117 nuptam,
141 1065 217 1104 deinde
229 1065 335 1103 Statiliam
344 1064 486 1113 Messalinam,
495 1065 559 1103 Tauri

39 1136 71 1174 bis
81 1134 173 1174 consulis
185 1147 209 1173 ac
219 1133 355 1185 triumphalis
369 1134 485 1185 abneptem.
514 1134 559 1180 Qua

39 1209 62 1244 ut
75 1209 188 1256 poteretur,
199 1204 266 1243 uirum
279 1205 323 1243 eius
336 1204 431 1243 Atticum
442 1204 554 1244 Vestinum
567 1204 673 1244 consulem
686 1205 708 1244 in
720 1212 738 1241 15

38 1275 116 1313 honore
134 1275 180 1326 ipso
199 1274 319 1312 trucidavit.
355 1273 453 1313 Octaviae
474 1275 647 1313 consuetudinem
667 1275 709 1314 cito
751 1307 756 1312 .

15 1398 17 1400 q
39 1350 168 1396 aspernatus,
193 1344 354 1396 corripientibus
380 1344 453 1384 amicis
477 1347 563 1394 sufficere
586 1347 617 1384 itu·
640 1347 708 1388 debore

38 1416 147 1465 respondit
157 1417 229 1452 naono
239 1420 363 1453 ornamenta.
392 1415 487 1453 Eandem
497 1427 545 1452 mcx
557 1427 618 1465 saepe
628 1415 709 1454 frustra

39 1486 169 1535 strangulare
188 1484 308 1535 meditatus,
326 1484 407 1524 dimisit
422 1488 447 1523 ut
464 1484 563 1534 sterilem,
581 1485 618 1525 sed
634 1484 708 1537 impro-

38 1555 101 1593 bante
120 1554 234 1593 divortium
253 1554 330 1605 populo
348 1567 386 1593 nec
405 1558 503 1605 parcente
522 1554 628 1603 conviciis,
646 1555 739 1596 etiamn

575 1109 605 1139 His
612 1109 666 1139 wives

38 1624 145 1674 relegavit,
156 1623 334 1674 denique’occidit
346 1624 384 1663 sub
395 1624 482 1663 crimine
495 1624 645 1663 adulteriorum
657 1626 708 1664 adeo

38 1695 149 1746 inpudenti
161 1686 298 1744 falsoque,'ut
307 1694 328 1732 in
340 1695 462 1745 quaestione
475 1695 638 1745 pernegantibus
650 1708 708 1735 cunc

37 1765 66 1803 tis
80 1765 192 1804 Anicetum
206 1765 350 1815 paedagogum
365 1778 425 1803 suum
439 1765 530 1803 indicem
543 1765 661 1814 subiecerit,
672 1766 708 1816 qui

38 1834 86 1873 dolo
105 1837 221 1886 stupratam
239 1847 252 1873 a
267 1847 289 1874 se
306 1834 413 1873 fateretur.
442 1836 568 1886 Poppaeam,
585 1835 708 1875 duodecimo

39 1905 72 1943 die
82 1908 130 1956 post
143 1904 257 1943 divortium
272 1905 371 1944 Octauiae
386 1904 409 1943 in
422 1905 580 1944 matrimonium
595 1910 707 1956 acceptam,
718 1916 737 1944 25

39 1974 114 2013 dilexit
123 1974 194 2024 unice5
210 1978 231 2013 et
241 1979 312 2014 tamen
321 1975 390 2026 ipsam
400 1988 482 2027 quoque
494 1975 539 2014 ictu
550 1976 613 2015 calcis
625 1975 707 2025 occidit,

38 2046 94 2096 quod
108 2058 130 2085 se
144 2059 170 2084 ex
182 2046 313 2103 aurigatione
328 2060 374 2086 sero
387 2060 494 2094 reversum
510 2047 598 2097 gravida
612 2050 633 2085 et
646 2059 709 2096 aegra

38 2116 137 2155 conviciis
160 2115 280 2156 incesserat.
318 2118 352 2156 Ex
372 2117 411 2157 hac
434 2118 501 2156 filiam
524 2117 575 2156 tulit
598 2116 708 2156 Claudiam

37 2185 161 2236 Augustam,
172 2188 284 2239 amisitque
294 2188 406 2227 admodum
416 2188 526 2233 infantem.

63 2257 152 2297 Nullum
162 2258 214 2297 adeo
223 2258 384 2299 necessitudinis
395 2272 460 2310 genus
465 2262 509 2308 -est,
517 2259 622 2310 quodnon
632 2258 708 2297 scelere
719 2266 739 2295 30

37 2328 155 2378 perculerit.
190 2329 305 2368 Antoniam
325 2329 400 2369 Claudi
418 2329 491 2378 filiam,
510 2332 641 2368 recusantem
660 2332 708 2380 post

37 2397 145 2450 Poppaeae
156 2402 243 2437 mortem
253 2398 338 2451 nuptias
346 2412 400 2449 suas,
407 2398 468 2451 quasi
475 2398 600 2438 molitricem
606 2410 707 2437 novarum
