1520 2600
54 103 82 146 2ss
106 112 126 145 O.
143 112 247 146 SUETONI
262 111 412 151 TRANQUILLI
427 111 460 144 DE
476 111 537 144 VITA
553 111 687 145 CAESARUM

54 230 87 265 est
101 226 175 274 tacere,
186 238 231 264 cum
243 237 280 276 per
291 227 376 264 senatus
390 224 509 264 consultum
521 224 631 275 sanxisset,
641 229 665 264 ut
680 226 723 264 fae-

54 298 161 334 neratores
180 295 232 333 duas
253 295 375 345 patrimonii
396 298 466 345 partes
489 294 512 333 in
532 294 575 333 scio
592 294 723 345 collocarent,

55 365 159 403 debitores
173 364 261 403 totidem
278 364 331 402 aeris
348 364 412 402 alieni
429 364 501 403 statim
516 363 625 413 solverent,
638 377 676 403 nec
690 378 723 404 res

55 435 199 485 expediretur,
215 434 304 472 alterum
314 433 341 471 ad
352 433 489 482 mitigandam
500 435 618 484 temporum
629 434 724 474 atrocita-

33 509 102 546 stem.
131 504 191 550 Quod
202 508 273 542 tamen
286 502 409 542 beneficium
422 504 477 542 tanti
491 502 616 553 aestimavit,
630 508 654 543 ut
668 517 724 543 mon-

54 580 97 614 tem
104 574 197 614 Caelium
204 572 344 624 appellatione
351 573 722 624 mutatauocariAugustumiusserit.

53 645 120 683 Militi
129 648 177 695 post
187 643 294 694 duplicata
304 656 330 682 ex
343 643 435 692 Augusti
448 646 573 682 testamento
588 644 657 694 legata
669 644 723 683 nihii

53 727 153 764 umquam
161 714 251 763 largitus
263 716 301 762 est,
315 716 460 764 praeterquam
473 713 556 762 singula
570 713 630 752 milia
644 714 724 752 denari-

54 797 113 823 orum
120 783 264 835 praetorianis,
273 784 329 833 quod
339 783 414 822 Seiano
421 796 443 823 se
449 796 491 822 non
498 784 694 833 accommodassent,
702 787 724 823 et

24 863 43 892 10
55 855 156 904 quaedam
166 866 253 892 munera
266 853 358 904 Syriacis
372 853 496 903 legionibus,
507 853 562 904 quod
575 853 631 893 solae
643 854 723 893 nuliam

55 925 126 963 Seiani
141 923 253 973 imaginem
272 924 327 963 inter
346 923 406 973 signa
425 923 543 963 coluissent.
571 923 641 974 Atque
660 924 723 963 etiam

54 994 163 1033 missiones
173 996 319 1032 veteranorum
329 993 447 1033 rarissimas
457 992 513 1042 fecit,
524 1006 550 1032 ex
561 993 618 1032 senio
629 996 722 1043 mortem,

54 1078 80 1103 ex
94 1066 160 1103 morte
174 1063 320 1114 compendium
334 1066 426 1114 captans.
458 1063 492 1102 Ne
506 1063 624 1114 provincias
639 1063 723 1114 quidem

54 1134 180 1173 iiberalitate
194 1132 239 1172 ulla
252 1132 376 1182 sublevavit,
387 1135 474 1183 excepta
482 1132 540 1182 Asia,
551 1133 648 1172 disiectis·
655 1136 723 1183 terrae

24 1213 43 1242 15
54 1207 112 1243 motu
122 1202 250 1243 civitatibus.

81 1274 209 1313 Procedente
225 1285 274 1311 mor<
289 1276 383 1323 tempore
399 1272 462 1312 etiam
479 1272 506 1311 ad
522 1272 605 1324 rapinas
620 1274 723 1312 convertit
732 1279 758 1312 49

204 1342 303 1381 animum.
325 1371 327 1374 .
339 1341 376 1381 Sat
389 1345 476 1392 constat,
491 1342 527 1382 On.
538 1342 652 1381 Lentuium
661 1355 724 1393 augu-

204 1424 254 1460 rem,
272 1411 305 1450 cui
321 1424 395 1451 census
413 1411 517 1451 maximus
536 1412 607 1462 fuerit,
626 1415 724 1452 metu'et

54 1493 130 1530 angore
143 1481 170 1520 ad
182 1481 292 1521 fastidium
305 1481 361 1520 vitae
374 1481 400 1521 ab
414 1493 437 1520 ec
450 1485 518 1520 actum
532 1485 553 1520 et
562 1485 586 1520 ut
595 1494 622 1520 ne
632 1494 672 1533 qno
681 1482 723 1522 nisi

24 1562 43 1592 ao
54 1551 100 1601 ipso
111 1551 187 1589 herede
197 1554 322 1600 moreretur,
337 1550 496 1590 condemnatam
509 1554 530 1590 et
543 1551 723 1601 generosissimam

53 1620 154 1659 feminam
167 1621 275 1671 Lepidam,
285 1621 309 1658 in
322 1620 410 1671 gratiam
423 1620 505 1667 Quirini
517 1620 631 1661 consularis
643 1622 723 1672 praedi-

53 1690 104 1729 vitis
114 1694 135 1729 et
145 1690 195 1740 orbi,
206 1691 243 1741 qui
255 1690 363 1730 dimissam
376 1703 421 1730 eam
432 1703 442 1730 e
452 1690 584 1730 matrimonio
598 1694 646 1743 post
656 1692 723 1730 vicen-
740 1738 741 1741 Ἴ

54 1760 130 1799 simum
147 1773 224 1799 annmn
241 1761 316 1799 veneni
333 1760 383 1799 otim
401 1761 423 1799 in
440 1773 462 1800 se
479 1762 594 1812 comparati
612 1762 721 1812 arguebat3

53 1833 160 1881 praeterea
173 1830 290 1870 Galliarum
303 1835 324 1870 et
337 1831 489 1882 Hispaniarum
503 1832 617 1884 Syriaeque
630 1835 651 1870 et
661 1832 722 1872 Grae-

22 1909 42 1939 25
53 1899 97 1940 ciae
109 1900 214 1952 principes
229 1901 351 1941 confiscatos
367 1901 393 1941 ob
405 1905 449 1941 tam
462 1902 508 1941 iere
523 1915 546 1941 ac
561 1906 604 1941 tam
618 1902 722 1953 inpudens

53 1971 204 2011 calumniarum
214 1985 285 2022 genus,
293 1976 317 2012 ut
326 1973 449 2024 quibusdam
458 1986 500 2012 non
508 1973 566 2013 aliud
575 1974 603 2013 sit
612 1973 721 2022 obieetum,

53 2053 115 2091 quam
131 2042 186 2091 quod
200 2046 281 2093 partem
295 2043 326 2082 rei
343 2044 454 2083 familiaris
468 2044 491 2082 in
505 2032 594 2095 pecunia
608 2043 721 2094 haberent,

52 2111 149 2162 plurimis
160 2112 222 2152 etiam
230 2113 352 2153 civitatibus
362 2117 383 2152 et
390 2113 479 2165 privatis
487 2118 568 2153 veteres
578 2113 722 2153 immunitates

53 2184 74 2221 et
83 2182 115 2222 ius
126 2183 259 2222 metalicrum
271 2196 295 2223 ac
306 2184 441 2234 vectigalium
454 2184 562 2235 adempta;
578 2184 615 2223 sed
625 2187 646 2223 et
654 2174 727 2223 Vena¹

54 1388 107 1418 Greed

22 2260 41 2291 30
52 2265 100 2291 nem
113 2265 182 2302 regem
196 2253 329 2304 Parthorum,
343 2253 380 2305 qni
392 2254 466 2306 pulsus
477 2267 490 2293 a
503 2254 546 2293 suis
557 2254 616 2304 quasi
626 2254 648 2292 in
658 2253 722 2292 fidem

51 2323 126 2375 populi
135 2323 225 2363 Romani
235 2336 282 2363 eum
289 2323 371 2374 ingenti
379 2337 429 2373 gaza
435 2323 571 2363 Antiochiam
580 2336 601 2363 se
608 2327 720 2375 receperat,

53 2393 165 2445 spoliatum
175 2394 263 2445 perfidia
273 2397 293 2434 et
303 2394 399 2434 occisum.
