1520 2600
49 51 63 90 4
101 58 120 92 c.
139 41 243 92 suarem
258 59 410 102 renuentum
424 60 457 92 nn
473 60 535 92 vira
550 60 685 95 cansarum

48 173 155 223 nantibus,
165 173 229 213 etiam
241 174 266 213 de
278 173 377 225 praemiis
391 173 573 226 tyrannicidarum
586 175 720 214 referendum

49 245 136 284 censuit.
164 244 266 284 Praetura
279 244 354 284 deinde
369 245 462 295 functus,
476 258 523 284 cum
540 245 598 285 exitu
614 245 664 285 anni
681 246 721 286 dis·

49 316 120 354 cordia
131 315 186 354 inter
197 314 319 353 triumviros
334 318 380 354 orta
394 319 455 364 esset,
469 316 558 355 retentis
571 316 628 354 ultra
641 315 720 355 iustum

49 388 132 437 tempus
152 384 270 435 insignibus
293 385 317 424 L.
336 384 453 424 Antonium
476 385 589 436 consulem,
613 385 721 425 triumuiri

28 465 38 494 5
49 456 142 506 fratrem,
155 457 182 495 ad
193 456 302 495 Perusiam
316 454 406 505 secutus,
421 455 527 495 deditione
542 469 554 495 a
567 457 642 496 ceteris
656 457 719 505 facta,

49 526 105 566 solus
124 526 240 577 permansit
258 526 281 564 in
299 525 394 576 partibus
412 538 435 564 ac
450 526 518 576 primo
536 527 655 575 Praeneste,
671 526 720 565 inde

48 596 161 649 Neopolim
176 596 249 645 evasit,
261 596 369 647 seruisque
379 597 406 635 ad
416 596 502 646 pilleum
515 597 596 636 frustra
607 597 687 637 vocatis
697 597 720 636 in

50 667 144 706 Siciliam
158 666 258 717 profugit.
288 666 329 705 Sed
343 665 430 716 indigne
443 666 520 715 ferens,
530 679 569 706 nec
583 667 655 706 statim
666 680 688 706 se
698 668 721 706 in

49 740 183 788 conspectum
193 737 252 776 Sexti
262 736 350 788 Pompei
359 737 474 776 admissum
486 740 506 775 et
518 736 608 776 fascium
621 751 662 777 usu
675 751 720 788 pro

19 816 38 845 10
49 807 146 856 bibitum,
157 808 184 846 ad
194 808 222 846 M.
231 807 348 846 Antonium
356 807 440 846 traiecit
449 806 472 845 in
477 807 593 863 Achaiam
610 808 662 848 Cum
672 820 719 858 quo,

48 878 108 917 brevi
122 877 257 917 reconciliata
271 877 407 917 interamnis
422 890 478 928 pace,
493 878 582 917 Romam
596 879 657 927 redit,
671 892 720 918 uxo

48 960 134 999 remque
144 948 227 987 Liviam
237 947 359 996 Drusillam,
370 951 391 986 et
401 951 452 986 tunc
466 948 573 997 gravidam
585 951 606 986 et
618 952 666 987 ante
677 948 720 987 iam

49 1020 108 1077 apud
117 1031 139 1058 se
150 1018 219 1057 filium
233 1018 322 1067 enixam,
332 1018 414 1069 petenti
427 1017 524 1068 Augusto
538 1019 646 1057 concessit.
674 1012 720 1058 Nec

49 1089 116 1128 multo
134 1092 183 1139 post
201 1088 256 1127 diem
275 1088 333 1137 obiit,
352 1091 441 1139 utroque
464 1088 576 1127 liberorum
600 1089 719 1139 superstite,

19 1169 37 1198 15
49 1159 133 1198 Tiberio
147 1160 257 1209 Drusoque
271 1158 397 1198 Neronibus.

76 1229 183 1268 Tiberium
194 1229 277 1278 quidam
288 1228 369 1267 Fundis
379 1232 453 1267 natum
463 1228 643 1278 existimaverunt,
654 1229 719 1268 secuti
729 1238 740 1270 5

48 1300 117 1339 levem
136 1299 283 1348 coniecturam,
301 1299 357 1349 quod
375 1303 470 1338 materna
488 1298 532 1338 eius
551 1299 599 1338 aria
617 1300 720 1339 Fundana

199 1370 271 1419 tuerit,
286 1373 307 1408 et
321 1369 377 1420 quod
391 1381 440 1408 mox
454 1369 587 1408 simulacrum
601 1369 719 1409 Felicitatis

200 1452 226 1478 ex
235 1443 320 1479 senatus
331 1440 426 1479 consulto
435 1439 565 1490 publicatum
578 1439 608 1478 ibi
620 1440 653 1479 sit.
678 1440 720 1479 Sed

18 1521 38 1551 20
48 1515 73 1550 ut
82 1511 153 1563 plures
168 1510 308 1560 certioresque
321 1510 415 1559 tradunt,
424 1513 487 1549 natus
499 1513 531 1548 est
540 1510 619 1548 Romae
628 1510 651 1548 iu
659 1510 720 1549 Pala-

48 1581 79 1621 tio
88 1582 142 1622 XVI
151 1581 200 1620 Kal.
207 1581 256 1620 Dec.
264 1581 292 1619 M.
303 1579 395 1619 Aemilio
405 1580 485 1631 Lepido
493 1579 579 1635 iterum,
588 1580 611 1618 L.
622 1580 719 1619 Munatio

48 1652 127 1691 Planco
136 1663 202 1691 conss.
211 1664 248 1702 per
258 1650 337 1690 bellum
344 1650 487 1701 Philippense.
512 1649 547 1689 Sic
555 1649 610 1689 enim
620 1650 643 1688 in
652 1650 719 1689 fastos

49 1726 136 1773 actaque
145 1722 168 1759 in
178 1721 263 1772 publica
274 1720 364 1759 relatum
376 1724 413 1759 est.
442 1720 488 1759 Nec
501 1723 572 1759 tamen
586 1720 667 1769 desunt,
683 1719 719 1771 qui

48 1792 126 1844 partim
140 1791 276 1830 antecedente
291 1803 351 1839 auno,
361 1789 422 1830 Hirti
435 1802 460 1829 ae
473 1790 561 1839 Pansae,
575 1790 654 1840 partim
667 1790 720 1829 inse·

18 1873 37 1902 25
49 1862 128 1914 quenti,
141 1861 217 1901 Servili
229 1861 318 1901 Isaurici
330 1861 423 1912 Lucique
435 1859 523 1900 Antonii
538 1860 653 1909 consulatu,
666 1859 721 1910 geni-

48 1936 94 1972 tum
103 1945 150 1972 eum
161 1931 258 1971 scribant.

48 1416 79 1447 His
86 1416 131 1446 birth

76 2002 192 2042 Infantiam
200 2000 353 2052 pueritiamque
361 1998 435 2038 habuit
442 1997 567 2038 laboriosam
573 2001 594 2037 et
600 1997 719 2046 exercitam,
729 2004 741 2037 6

49 2086 117 2113 comes
130 2083 280 2124 usquequaque
293 2074 402 2121 parentum
413 2069 487 2119 tugae3
503 2074 554 2119 quos
567 2068 653 2124 quidem·
664 2067 720 2119 apud

200 2140 312 2192 Neapolim
326 2140 364 2180 sub
378 2139 516 2190 irruptionem
530 2138 597 2178 hostis
611 2138 720 2188 navigium

18 2222 38 2253 30
48 2199 159 2281 Ἑέζζῦἓηᾱ
200 2212 254 2251 clam
266 2211 358 2263 petentis
368 2210 440 2260 vagitu
453 2222 490 2249 suo
501 2222 566 2260 paene
576 2208 608 2248 bis
619 2208 718 2260 prodidit,

201 2282 265 2322 semel
278 2294 324 2320 cum
340 2293 353 2321 a
367 2279 456 2320 nutricis
470 2280 539 2329 ubere,
554 2279 632 2318 iterum
646 2291 694 2318 cum
708 2291 720 2319 a

50 2356 98 2397 sinu
111 2354 185 2394 matris
199 2352 277 2404 raptim
291 2352 409 2390 auferretur
419 2351 445 2389 ab
454 2350 488 2400 iis,
498 2349 535 2401 qui
546 2361 584 2401 pro
594 2349 719 2389 necessitate
