<?xml version="1.0" encoding="UTF-8"?>
<!DOCTYPE html PUBLIC "-//W3C//DTD XHTML 1.0 Transitional//EN"
    "http://www.w3.org/TR/xhtml1/DTD/xhtml1-transitional.dtd">
<html xmlns="http://www.w3.org/1999/xhtml" xml:lang="en" lang="en">
 <head>
  <title>
</title>
<meta http-equiv="Content-Type" content="text/html;charset=utf-8" />
  <meta name='ocr-system' content='tesseract 3.04.00' />
  <meta name='ocr-capabilities' content='ocr_page ocr_carea ocr_par ocr_line ocrx_word'/>
</head>
<body>
  <div class='ocr_page' id='page_1' title='image "MN40042ucmf_5_0163.png"; bbox 0 0 1520 2600; ppageno 0'>
   <div class='ocr_carea' id='block_1_1' title="bbox 249 101 699 161">
    <p class='ocr_par' dir='ltr' id='par_1_1' title="bbox 249 101 699 161">
     <span class='ocr_line' id='line_1_1' title="bbox 249 101 699 161; baseline -0.002 0"><span class='ocrx_word' id='word_1_1' title='bbox 249 101 323 161; x_wconf 77' lang='lat' dir='ltr'>niuea</span> <span class='ocrx_word' id='word_1_2' title='bbox 337 104 370 161; x_wconf 72' lang='lat' dir='ltr'>ui.</span> <span class='ocrx_word' id='word_1_3' title='bbox 406 127 477 161; x_wconf 80' lang='lat' dir='ltr'>nuno.</span> <span class='ocrx_word' id='word_1_4' title='bbox 657 117 699 160; x_wconf 75' lang='lat'>123</span> 
     </span>
    </p>
   </div>
   <div class='ocr_carea' id='block_1_2' title="bbox 6 240 755 2455">
    <p class='ocr_par' dir='ltr' id='par_1_2' title="bbox 24 240 728 1268">
     <span class='ocr_line' id='line_1_2' title="bbox 29 240 700 293; baseline -0.004 -12"><span class='ocrx_word' id='word_1_5' title='bbox 29 243 114 281; x_wconf 86' lang='lat' dir='ltr'>domum</span> <span class='ocrx_word' id='word_1_6' title='bbox 132 255 144 282; x_wconf 85' lang='lat' dir='ltr'>a</span> <span class='ocrx_word' id='word_1_7' title='bbox 161 243 245 282; x_wconf 88' lang='lat' dir='ltr'>Palatio</span> <span class='ocrx_word' id='word_1_8' title='bbox 263 242 370 293; x_wconf 76' lang='lat' dir='ltr'>Esquilias</span> <span class='ocrx_word' id='word_1_9' title='bbox 388 255 454 293; x_wconf 88' lang='lat' dir='ltr'>usquc</span> <span class='ocrx_word' id='word_1_10' title='bbox 473 242 531 291; x_wconf 84' lang='lat' dir='ltr'>iecit,</span> <span class='ocrx_word' id='word_1_11' title='bbox 551 254 614 292; x_wconf 87' lang='lat' dir='ltr'>quam</span> <span class='ocrx_word' id='word_1_12' title='bbox 632 240 700 292; x_wconf 92' lang='lat' dir='ltr'>primo</span> 
     </span>
     <span class='ocr_line' id='line_1_3' title="bbox 29 313 549 363; baseline -0.006 -11"><span class='ocrx_word' id='word_1_13' title='bbox 29 316 174 362; x_wconf 73' lang='lat' dir='ltr'><em>transitoriam,</em></span> <span class='ocrx_word' id='word_1_14' title='bbox 191 326 240 351; x_wconf 79' lang='lat' dir='ltr'>mox</span> <span class='ocrx_word' id='word_1_15' title='bbox 257 313 353 352; x_wconf 88' lang='lat' dir='ltr'>incendio</span> <span class='ocrx_word' id='word_1_16' title='bbox 370 314 503 363; x_wconf 70' lang='lat' dir='ltr'>absumptam</span> <span class='ocrx_word' id='word_1_17' title='bbox 520 324 549 350; x_wconf 86' lang='lat' dir='ltr'>re-</span> 
     </span>
     <span class='ocr_line' id='line_1_4' title="bbox 29 379 548 434; baseline -0.002 -13"><span class='ocrx_word' id='word_1_18' title='bbox 29 383 167 434; x_wconf 88' lang='lat' dir='ltr'>stitutamque</span> <span class='ocrx_word' id='word_1_19' title='bbox 184 395 268 422; x_wconf 71' lang='lat' dir='ltr'>tauream</span> <span class='ocrx_word' id='word_1_20' title='bbox 286 379 408 422; x_wconf 87' lang='lat' dir='ltr'>nominavit.</span> <span class='ocrx_word' id='word_1_21' title='bbox 438 383 470 421; x_wconf 91' lang='lat' dir='ltr'>De</span> <span class='ocrx_word' id='word_1_22' title='bbox 490 382 548 421; x_wconf 87' lang='lat' dir='ltr'>cuius</span> 
     </span>
     <span class='ocr_line' id='line_1_5' title="bbox 28 451 547 504; baseline -0.002 -13"><span class='ocrx_word' id='word_1_23' title='bbox 28 453 97 504; x_wconf 84' lang='lat' dir='ltr'>spatio</span> <span class='ocrx_word' id='word_1_24' title='bbox 110 456 173 503; x_wconf 87' lang='lat' dir='ltr'>atque</span> <span class='ocrx_word' id='word_1_25' title='bbox 187 452 246 491; x_wconf 87' lang='lat' dir='ltr'>cultu</span> <span class='ocrx_word' id='word_1_26' title='bbox 260 452 366 492; x_wconf 79' lang='lat' dir='ltr'>suffecerit</span> <span class='ocrx_word' id='word_1_27' title='bbox 380 452 431 491; x_wconf 87' lang='lat' dir='ltr'>haec</span> <span class='ocrx_word' id='word_1_28' title='bbox 444 451 547 491; x_wconf 88' lang='lat' dir='ltr'>retulisse.</span> 
     </span>
     <span class='ocr_line' id='line_1_6' title="bbox 27 521 719 573; baseline -0.004 -12"><span class='ocrx_word' id='word_1_29' title='bbox 27 522 161 562; x_wconf 76' lang='lat' dir='ltr'>Vestibulum</span> <span class='ocrx_word' id='word_1_30' title='bbox 175 522 219 561; x_wconf 88' lang='lat' dir='ltr'>eius</span> <span class='ocrx_word' id='word_1_31' title='bbox 229 522 277 571; x_wconf 80' lang='lat' dir='ltr'>tuit,</span> <span class='ocrx_word' id='word_1_32' title='bbox 287 522 361 573; x_wconf 90' lang='lat' dir='ltr'>inquo</span> <span class='ocrx_word' id='word_1_33' title='bbox 374 522 466 561; x_wconf 84' lang='lat' dir='ltr'>colossus</span> <span class='ocrx_word' id='word_1_34' title='bbox 477 521 537 560; x_wconf 78' lang='lat' dir='ltr'>CXX</span> <span class='ocrx_word' id='word_1_35' title='bbox 546 522 623 572; x_wconf 89' lang='lat' dir='ltr'>pedum</span> <span class='ocrx_word' id='word_1_36' title='bbox 634 524 699 561; x_wconf 86' lang='lat' dir='ltr'>staret</span> <span class='ocrx_word' id='word_1_37' title='bbox 710 530 719 558; x_wconf 84' lang='lat'>5</span> 
     </span>
     <span class='ocr_line' id='line_1_7' title="bbox 27 587 698 643; baseline 0 -13"><span class='ocrx_word' id='word_1_38' title='bbox 27 592 94 643; x_wconf 85' lang='lat' dir='ltr'>ipsius</span> <span class='ocrx_word' id='word_1_39' title='bbox 105 591 182 642; x_wconf 78' lang='lat' dir='ltr'>effigie3</span> <span class='ocrx_word' id='word_1_40' title='bbox 197 587 260 630; x_wconf 80' lang='lat' dir='ltr'>tanta</span> <span class='ocrx_word' id='word_1_41' title='bbox 267 591 350 641; x_wconf 80' lang='lat' dir='ltr'>laxitas,</span> <span class='ocrx_word' id='word_1_42' title='bbox 359 595 383 630; x_wconf 88' lang='lat' dir='ltr'>ut</span> <span class='ocrx_word' id='word_1_43' title='bbox 392 591 485 642; x_wconf 88' lang='lat' dir='ltr'>porticus</span> <span class='ocrx_word' id='word_1_44' title='bbox 492 591 586 641; x_wconf 89' lang='lat' dir='ltr'>triplices</span> <span class='ocrx_word' id='word_1_45' title='bbox 596 590 698 630; x_wconf 71' lang='lat' dir='ltr'>miliarias</span> 
     </span>
     <span class='ocr_line' id='line_1_8' title="bbox 27 649 698 711; baseline 0 -12"><span class='ocrx_word' id='word_1_46' title='bbox 27 661 124 711; x_wconf 60' lang='lat' dir='ltr'>haberem</span> <span class='ocrx_word' id='word_1_47' title='bbox 148 649 200 700; x_wconf 87' lang='lat' dir='ltr'>item</span> <span class='ocrx_word' id='word_1_48' title='bbox 224 665 321 711; x_wconf 80' lang='lat' dir='ltr'>stagnum</span> <span class='ocrx_word' id='word_1_49' title='bbox 344 661 408 700; x_wconf 78' lang='lat' dir='ltr'>inuris</span> <span class='ocrx_word' id='word_1_50' title='bbox 431 661 504 710; x_wconf 82' lang='lat' dir='ltr'>instar,</span> <span class='ocrx_word' id='word_1_51' title='bbox 524 661 698 711; x_wconf 74' lang='lat' dir='ltr'>circumsaeptum</span> 
     </span>
     <span class='ocr_line' id='line_1_9' title="bbox 27 730 698 782; baseline -0.001 -13"><span class='ocrx_word' id='word_1_52' title='bbox 27 730 128 771; x_wconf 84' lang='lat' dir='ltr'>aedificiis</span> <span class='ocrx_word' id='word_1_53' title='bbox 142 732 169 770; x_wconf 89' lang='lat' dir='ltr'>ad</span> <span class='ocrx_word' id='word_1_54' title='bbox 184 731 267 770; x_wconf 89' lang='lat' dir='ltr'>urbium</span> <span class='ocrx_word' id='word_1_55' title='bbox 281 731 383 781; x_wconf 79' lang='lat' dir='ltr'>speciem3</span> <span class='ocrx_word' id='word_1_56' title='bbox 398 743 447 769; x_wconf 89' lang='lat' dir='ltr'>rura</span> <span class='ocrx_word' id='word_1_57' title='bbox 461 731 552 782; x_wconf 86' lang='lat' dir='ltr'>insuper,</span> <span class='ocrx_word' id='word_1_58' title='bbox 566 730 622 770; x_wconf 69' lang='lat' dir='ltr'>arins</span> <span class='ocrx_word' id='word_1_59' title='bbox 636 734 698 781; x_wconf 88' lang='lat' dir='ltr'>atque</span> 
     </span>
     <span class='ocr_line' id='line_1_10' title="bbox 26 799 698 854; baseline 0 -15"><span class='ocrx_word' id='word_1_60' title='bbox 26 802 103 840; x_wconf 84' lang='lat' dir='ltr'>vinetis</span> <span class='ocrx_word' id='word_1_61' title='bbox 114 804 135 839; x_wconf 88' lang='lat' dir='ltr'>et</span> <span class='ocrx_word' id='word_1_62' title='bbox 147 801 231 851; x_wconf 89' lang='lat' dir='ltr'>pascuis</span> <span class='ocrx_word' id='word_1_63' title='bbox 242 801 343 851; x_wconf 87' lang='lat' dir='ltr'>silvisque</span> <span class='ocrx_word' id='word_1_64' title='bbox 353 800 416 850; x_wconf 83' lang='lat' dir='ltr'>varia,</span> <span class='ocrx_word' id='word_1_65' title='bbox 427 813 473 854; x_wconf 85' lang='lat' dir='ltr'>cum</span> <span class='ocrx_word' id='word_1_66' title='bbox 484 799 621 853; x_wconf 80' lang='lat' dir='ltr'>multitudine</span> <span class='ocrx_word' id='word_1_67' title='bbox 631 800 698 839; x_wconf 86' lang='lat' dir='ltr'>omnis</span> 
     </span>
     <span class='ocr_line' id='line_1_11' title="bbox 26 870 728 922; baseline -0.003 -13"><span class='ocrx_word' id='word_1_68' title='bbox 26 872 108 920; x_wconf 84' lang='lat' dir='ltr'>generis</span> <span class='ocrx_word' id='word_1_69' title='bbox 118 871 221 922; x_wconf 75' lang='lat' dir='ltr'>pecudum</span> <span class='ocrx_word' id='word_1_70' title='bbox 231 882 254 909; x_wconf 87' lang='lat' dir='ltr'>ac</span> <span class='ocrx_word' id='word_1_71' title='bbox 264 870 361 909; x_wconf 81' lang='lat' dir='ltr'>ferarum.</span> <span class='ocrx_word' id='word_1_72' title='bbox 391 870 417 909; x_wconf 88' lang='lat' dir='ltr'>Iu</span> <span class='ocrx_word' id='word_1_73' title='bbox 429 871 504 908; x_wconf 85' lang='lat' dir='ltr'>ceteris</span> <span class='ocrx_word' id='word_1_74' title='bbox 518 870 613 920; x_wconf 87' lang='lat' dir='ltr'>partibus</span> <span class='ocrx_word' id='word_1_75' title='bbox 624 874 698 908; x_wconf 87' lang='lat' dir='ltr'>cuncta</span> <span class='ocrx_word' id='word_1_76' title='bbox 709 878 728 907; x_wconf 85' lang='lat'>10</span> 
     </span>
     <span class='ocr_line' id='line_1_12' title="bbox 26 939 696 990; baseline -0.001 -12"><span class='ocrx_word' id='word_1_77' title='bbox 26 952 76 978; x_wconf 88' lang='lat' dir='ltr'>auro</span> <span class='ocrx_word' id='word_1_78' title='bbox 92 940 139 988; x_wconf 80' lang='lat' dir='ltr'>fita,-</span> <span class='ocrx_word' id='word_1_79' title='bbox 153 940 254 979; x_wconf 86' lang='lat' dir='ltr'>distincta</span> <span class='ocrx_word' id='word_1_80' title='bbox 267 940 355 989; x_wconf 85' lang='lat' dir='ltr'>gemmis</span> <span class='ocrx_word' id='word_1_81' title='bbox 371 940 513 990; x_wconf 88' lang='lat' dir='ltr'>unionumque</span> <span class='ocrx_word' id='word_1_82' title='bbox 527 939 612 978; x_wconf 87' lang='lat' dir='ltr'>conchis</span> <span class='ocrx_word' id='word_1_83' title='bbox 627 944 696 989; x_wconf 82' lang='lat' dir='ltr'>erant3</span> 
     </span>
     <span class='ocr_line' id='line_1_13' title="bbox 26 1009 697 1064; baseline 0.001 -17"><span class='ocrx_word' id='word_1_84' title='bbox 26 1010 145 1049; x_wconf 87' lang='lat' dir='ltr'>cenationes</span> <span class='ocrx_word' id='word_1_85' title='bbox 163 1009 272 1064; x_wconf 69' lang='lat' dir='ltr'>laqueatae</span> <span class='ocrx_word' id='word_1_86' title='bbox 290 1010 368 1049; x_wconf 88' lang='lat' dir='ltr'>tabulis</span> <span class='ocrx_word' id='word_1_87' title='bbox 393 1009 489 1049; x_wconf 87' lang='lat' dir='ltr'>eburneis</span> <span class='ocrx_word' id='word_1_88' title='bbox 513 1009 654 1058; x_wconf 68' lang='lat' dir='ltr'>versatilibus,</span> <span class='ocrx_word' id='word_1_89' title='bbox 673 1013 697 1048; x_wconf 89' lang='lat' dir='ltr'>ut</span> 
     </span>
     <span class='ocr_line' id='line_1_14' title="bbox 25 1064 698 1130; baseline 0.001 -13"><span class='ocrx_word' id='word_1_90' title='bbox 25 1079 92 1128; x_wconf 83' lang='lat' dir='ltr'>flores,</span> <span class='ocrx_word' id='word_1_91' title='bbox 102 1079 208 1129; x_wconf 76' lang='lat' dir='ltr'>ustulans,</span> <span class='ocrx_word' id='word_1_92' title='bbox 218 1083 242 1118; x_wconf 90' lang='lat' dir='ltr'>ut</span> <span class='ocrx_word' id='word_1_93' title='bbox 251 1083 359 1129; x_wconf 81' lang='lat' dir='ltr'>unguenta</span> <span class='ocrx_word' id='word_1_94' title='bbox 369 1079 457 1130; x_wconf 79' lang='lat' dir='ltr'>desuper</span> <span class='ocrx_word' id='word_1_95' title='bbox 468 1064 625 1129; x_wconf 77' lang='lat' dir='ltr'>spargerentur5</span> <span class='ocrx_word' id='word_1_96' title='bbox 640 1091 698 1129; x_wconf 88' lang='lat' dir='ltr'>prae-</span> 
     </span>
     <span class='ocr_line' id='line_1_15' title="bbox 25 1148 697 1199; baseline -0.001 -12"><span class='ocrx_word' id='word_1_97' title='bbox 25 1149 87 1199; x_wconf 88' lang='lat' dir='ltr'>cipua</span> <span class='ocrx_word' id='word_1_98' title='bbox 100 1150 232 1187; x_wconf 87' lang='lat' dir='ltr'>cenationum</span> <span class='ocrx_word' id='word_1_99' title='bbox 245 1149 339 1197; x_wconf 86' lang='lat' dir='ltr'>rotunda,</span> <span class='ocrx_word' id='word_1_100' title='bbox 351 1161 404 1198; x_wconf 87' lang='lat' dir='ltr'>quae</span> <span class='ocrx_word' id='word_1_101' title='bbox 416 1152 517 1199; x_wconf 84' lang='lat' dir='ltr'>perpetuo</span> <span class='ocrx_word' id='word_1_102' title='bbox 530 1148 602 1187; x_wconf 85' lang='lat' dir='ltr'>diebus</span> <span class='ocrx_word' id='word_1_103' title='bbox 616 1160 639 1187; x_wconf 89' lang='lat' dir='ltr'>ac</span> <span class='ocrx_word' id='word_1_104' title='bbox 651 1161 697 1186; x_wconf 90' lang='lat' dir='ltr'>ncc-</span> 
     </span>
     <span class='ocr_line' id='line_1_16' title="bbox 24 1217 727 1268; baseline 0.001 -12"><span class='ocrx_word' id='word_1_105' title='bbox 24 1218 82 1257; x_wconf 89' lang='lat' dir='ltr'>tibus</span> <span class='ocrx_word' id='word_1_106' title='bbox 101 1219 146 1257; x_wconf 88' lang='lat' dir='ltr'>vioe</span> <span class='ocrx_word' id='word_1_107' title='bbox 165 1219 238 1257; x_wconf 87' lang='lat' dir='ltr'>mundi</span> <span class='ocrx_word' id='word_1_108' title='bbox 254 1219 439 1268; x_wconf 82' lang='lat' dir='ltr'>oircumageretur;</span> <span class='ocrx_word' id='word_1_109' title='bbox 458 1218 553 1257; x_wconf 84' lang='lat' dir='ltr'>balineae</span> <span class='ocrx_word' id='word_1_110' title='bbox 572 1217 659 1257; x_wconf 87' lang='lat' dir='ltr'>marinis</span> <span class='ocrx_word' id='word_1_111' title='bbox 676 1222 697 1256; x_wconf 85' lang='lat' dir='ltr'>et</span> <span class='ocrx_word' id='word_1_112' title='bbox 708 1228 727 1258; x_wconf 83' lang='lat'>15</span> 
     </span>
    </p>

    <p class='ocr_par' dir='ltr' id='par_1_3' title="bbox 6 1287 720 1476">
     <span class='ocr_line' id='line_1_17' title="bbox 6 1287 720 1341; baseline -0.001 -15"><span class='ocrx_word' id='word_1_113' title='bbox 6 1338 8 1341; x_wconf 22' lang='grc' dir='ltr'><strong><em>ι</em></strong></span> <span class='ocrx_word' id='word_1_114' title='bbox 25 1288 101 1326; x_wconf 87' lang='lat' dir='ltr'>albulis</span> <span class='ocrx_word' id='word_1_115' title='bbox 111 1288 198 1327; x_wconf 89' lang='lat' dir='ltr'>fluentes</span> <span class='ocrx_word' id='word_1_116' title='bbox 209 1288 275 1338; x_wconf 89' lang='lat' dir='ltr'>aquis.</span> <span class='ocrx_word' id='word_1_117' title='bbox 301 1287 418 1326; x_wconf 81' lang='lat' dir='ltr'>Eiusmodi</span> <span class='ocrx_word' id='word_1_118' title='bbox 428 1287 512 1326; x_wconf 88' lang='lat' dir='ltr'>domum</span> <span class='ocrx_word' id='word_1_119' title='bbox 522 1300 569 1325; x_wconf 90' lang='lat' dir='ltr'>oum</span> <span class='ocrx_word' id='word_1_120' title='bbox 579 1288 696 1326; x_wconf 83' lang='lat' dir='ltr'>absolutam</span> <span class='ocrx_word' id='word_1_121' title='bbox 717 1291 720 1293; x_wconf 83' lang='grc'><strong>’</strong></span> 
     </span>
     <span class='ocr_line' id='line_1_18' title="bbox 25 1357 697 1408; baseline 0 -13"><span class='ocrx_word' id='word_1_122' title='bbox 25 1357 136 1406; x_wconf 74' lang='lat' dir='ltr'>dedicaret,</span> <span class='ocrx_word' id='word_1_123' title='bbox 144 1357 245 1396; x_wconf 86' lang='lat' dir='ltr'>hactenus</span> <span class='ocrx_word' id='word_1_124' title='bbox 255 1357 403 1408; x_wconf 83' lang='lat' dir='ltr'>comprobavit,</span> <span class='ocrx_word' id='word_1_125' title='bbox 413 1361 438 1395; x_wconf 87' lang='lat' dir='ltr'>ut</span> <span class='ocrx_word' id='word_1_126' title='bbox 447 1369 468 1395; x_wconf 87' lang='lat' dir='ltr'>se</span> <span class='ocrx_word' id='word_1_127' title='bbox 478 1357 556 1395; x_wconf 89' lang='lat' dir='ltr'>diceret</span> <span class='ocrx_word' id='word_1_128' title='bbox 566 1359 626 1407; x_wconf 78' lang='lat' dir='ltr'>qrrasi</span> <span class='ocrx_word' id='word_1_129' title='bbox 635 1358 697 1396; x_wconf 82' lang='lat' dir='ltr'>lrorui-</span> 
     </span>
     <span class='ocr_line' id='line_1_19' title="bbox 24 1429 360 1476; baseline 0.003 -12"><span class='ocrx_word' id='word_1_130' title='bbox 24 1439 69 1465; x_wconf 83' lang='lat' dir='ltr'>nom</span> <span class='ocrx_word' id='word_1_131' title='bbox 79 1429 159 1465; x_wconf 83' lang='lat' dir='ltr'>taudem</span> <span class='ocrx_word' id='word_1_132' title='bbox 168 1429 259 1466; x_wconf 68' lang='lat' dir='ltr'>tiammo-e</span> <span class='ocrx_word' id='word_1_133' title='bbox 269 1430 360 1476; x_wconf 76' lang='lat' dir='ltr'>coepisco.</span> 
     </span>
    </p>

    <p class='ocr_par' dir='ltr' id='par_1_4' title="bbox 23 1496 726 2106">
     <span class='ocr_line' id='line_1_20' title="bbox 51 1496 697 1547; baseline 0 -13"><span class='ocrx_word' id='word_1_134' title='bbox 51 1496 163 1535; x_wconf 85' lang='lat' dir='ltr'>Praeterea</span> <span class='ocrx_word' id='word_1_135' title='bbox 177 1496 289 1535; x_wconf 86' lang='lat' dir='ltr'>incohabat</span> <span class='ocrx_word' id='word_1_136' title='bbox 305 1496 408 1547; x_wconf 86' lang='lat' dir='ltr'>piscinam</span> <span class='ocrx_word' id='word_1_137' title='bbox 423 1510 436 1535; x_wconf 88' lang='lat' dir='ltr'>a</span> <span class='ocrx_word' id='word_1_138' title='bbox 449 1496 532 1536; x_wconf 82' lang='lat' dir='ltr'>Miseno</span> <span class='ocrx_word' id='word_1_139' title='bbox 546 1496 573 1535; x_wconf 90' lang='lat' dir='ltr'>ad</span> <span class='ocrx_word' id='word_1_140' title='bbox 587 1496 697 1535; x_wconf 80' lang='lat' dir='ltr'>Avernum</span> 
     </span>
     <span class='ocr_line' id='line_1_21' title="bbox 24 1565 726 1617; baseline 0.001 -14"><span class='ocrx_word' id='word_1_141' title='bbox 24 1565 98 1614; x_wconf 82' lang='lat' dir='ltr'>lacum,</span> <span class='ocrx_word' id='word_1_142' title='bbox 109 1570 225 1605; x_wconf 87' lang='lat' dir='ltr'>contectam</span> <span class='ocrx_word' id='word_1_143' title='bbox 238 1566 394 1617; x_wconf 85' lang='lat' dir='ltr'>porticibusque</span> <span class='ocrx_word' id='word_1_144' title='bbox 406 1566 530 1615; x_wconf 86' lang='lat' dir='ltr'>conclusam,</span> <span class='ocrx_word' id='word_1_145' title='bbox 541 1579 582 1617; x_wconf 90' lang='lat' dir='ltr'>quo</span> <span class='ocrx_word' id='word_1_146' title='bbox 592 1566 696 1617; x_wconf 87' lang='lat' dir='ltr'>quidquid</span> <span class='ocrx_word' id='word_1_147' title='bbox 706 1575 726 1604; x_wconf 73' lang='lat' dir='ltr'>ao</span> 
     </span>
     <span class='ocr_line' id='line_1_22' title="bbox 24 1636 545 1687; baseline 0.002 -14"><span class='ocrx_word' id='word_1_148' title='bbox 24 1636 74 1682; x_wconf 81' lang='lat' dir='ltr'>totis</span> <span class='ocrx_word' id='word_1_149' title='bbox 85 1636 142 1675; x_wconf 87' lang='lat' dir='ltr'>Baiis</span> <span class='ocrx_word' id='word_1_150' title='bbox 155 1636 269 1674; x_wconf 87' lang='lat' dir='ltr'>calidarum</span> <span class='ocrx_word' id='word_1_151' title='bbox 283 1649 384 1687; x_wconf 86' lang='lat' dir='ltr'>aquarum</span> <span class='ocrx_word' id='word_1_152' title='bbox 397 1640 452 1675; x_wconf 85' lang='lat' dir='ltr'>esset</span> <span class='ocrx_word' id='word_1_153' title='bbox 462 1649 545 1674; x_wconf 86' lang='lat' dir='ltr'>conver-</span> 
     </span>
     <span class='ocr_line' id='line_1_23' title="bbox 23 1705 544 1756; baseline 0.002 -13"><span class='ocrx_word' id='word_1_154' title='bbox 23 1707 113 1753; x_wconf 85' lang='lat' dir='ltr'>teretur;</span> <span class='ocrx_word' id='word_1_155' title='bbox 128 1706 207 1744; x_wconf 78' lang='lat' dir='ltr'>fossam</span> <span class='ocrx_word' id='word_1_156' title='bbox 217 1705 243 1744; x_wconf 90' lang='lat' dir='ltr'>ab</span> <span class='ocrx_word' id='word_1_157' title='bbox 253 1706 337 1744; x_wconf 82' lang='lat' dir='ltr'>Averno</span> <span class='ocrx_word' id='word_1_158' title='bbox 349 1705 429 1745; x_wconf 83' lang='lat' dir='ltr'>Ostiam</span> <span class='ocrx_word' id='word_1_159' title='bbox 440 1718 512 1756; x_wconf 89' lang='lat' dir='ltr'>usque,</span> <span class='ocrx_word' id='word_1_160' title='bbox 520 1708 544 1744; x_wconf 92' lang='lat' dir='ltr'>ut</span> 
     </span>
     <span class='ocr_line' id='line_1_24' title="bbox 24 1774 695 1826; baseline 0.001 -13"><span class='ocrx_word' id='word_1_161' title='bbox 24 1774 112 1814; x_wconf 84' lang='lat' dir='ltr'>navibus</span> <span class='ocrx_word' id='word_1_162' title='bbox 126 1787 164 1813; x_wconf 89' lang='lat' dir='ltr'>nec</span> <span class='ocrx_word' id='word_1_163' title='bbox 176 1779 247 1814; x_wconf 89' lang='lat' dir='ltr'>tamen</span> <span class='ocrx_word' id='word_1_164' title='bbox 261 1776 314 1814; x_wconf 84' lang='lat' dir='ltr'>mari</span> <span class='ocrx_word' id='word_1_165' title='bbox 326 1775 399 1824; x_wconf 88' lang='lat' dir='ltr'>iretur,</span> <span class='ocrx_word' id='word_1_166' title='bbox 410 1775 549 1825; x_wconf 83' lang='lat' dir='ltr'>longitudinis</span> <span class='ocrx_word' id='word_1_167' title='bbox 561 1778 695 1826; x_wconf 75' lang='lat' dir='ltr'>per‘oentum</span> 
     </span>
     <span class='ocr_line' id='line_1_25' title="bbox 24 1843 695 1896; baseline 0.003 -14"><span class='ocrx_word' id='word_1_168' title='bbox 24 1843 133 1893; x_wconf 78' lang='lat' dir='ltr'>sexaginta</span> <span class='ocrx_word' id='word_1_169' title='bbox 143 1844 207 1893; x_wconf 88' lang='lat' dir='ltr'>milia,</span> <span class='ocrx_word' id='word_1_170' title='bbox 218 1844 345 1894; x_wconf 83' lang='lat' dir='ltr'>latitudinis,</span> <span class='ocrx_word' id='word_1_171' title='bbox 357 1857 399 1896; x_wconf 86' lang='lat' dir='ltr'>qua</span> <span class='ocrx_word' id='word_1_172' title='bbox 408 1845 524 1884; x_wconf 88' lang='lat' dir='ltr'>contrariae</span> <span class='ocrx_word' id='word_1_173' title='bbox 535 1845 695 1895; x_wconf 83' lang='lat' dir='ltr'>quinqueremes</span> 
     </span>
     <span class='ocr_line' id='line_1_26' title="bbox 23 1900 725 1966; baseline 0.006 -15"><span class='ocrx_word' id='word_1_174' title='bbox 23 1917 167 1953; x_wconf 79' lang='lat' dir='ltr'>commearent,</span> <span class='ocrx_word' id='word_1_175' title='bbox 206 1913 297 1959; x_wconf 78' lang='lat' dir='ltr'>Quorum</span> <span class='ocrx_word' id='word_1_176' title='bbox 321 1927 406 1965; x_wconf 91' lang='lat' dir='ltr'>operum</span> <span class='ocrx_word' id='word_1_177' title='bbox 421 1900 604 1966; x_wconf 84' lang='lat' dir='ltr'>perficiendorum</span> <span class='ocrx_word' id='word_1_178' title='bbox 627 1915 696 1965; x_wconf 79' lang='lat' dir='ltr'>gratia</span> <span class='ocrx_word' id='word_1_179' title='bbox 706 1925 725 1955; x_wconf 80' lang='lat'>25</span> 
     </span>
     <span class='ocr_line' id='line_1_27' title="bbox 24 1981 695 2036; baseline 0.001 -15"><span class='ocrx_word' id='word_1_180' title='bbox 24 1983 79 2032; x_wconf 88' lang='lat' dir='ltr'>quod</span> <span class='ocrx_word' id='word_1_181' title='bbox 91 1983 168 2033; x_wconf 88' lang='lat' dir='ltr'>ubique</span> <span class='ocrx_word' id='word_1_182' title='bbox 181 1988 237 2023; x_wconf 86' lang='lat' dir='ltr'>esset</span> <span class='ocrx_word' id='word_1_183' title='bbox 252 1985 358 2024; x_wconf 87' lang='lat' dir='ltr'>custodiae</span> <span class='ocrx_word' id='word_1_184' title='bbox 372 1981 395 2023; x_wconf 84' lang='lat' dir='ltr'>in</span> <span class='ocrx_word' id='word_1_185' title='bbox 407 1985 493 2023; x_wconf 84' lang='lat' dir='ltr'>ltaliam</span> <span class='ocrx_word' id='word_1_186' title='bbox 506 1981 618 2036; x_wconf 76' lang='lat' dir='ltr'>deportari,</span> <span class='ocrx_word' id='word_1_187' title='bbox 631 1985 695 2023; x_wconf 88' lang='lat' dir='ltr'>etiam</span> 
     </span>
     <span class='ocr_line' id='line_1_28' title="bbox 23 2052 663 2106; baseline 0.006 -17"><span class='ocrx_word' id='word_1_188' title='bbox 23 2052 100 2090; x_wconf 84' lang='lat' dir='ltr'>scelere</span> <span class='ocrx_word' id='word_1_189' title='bbox 110 2053 215 2092; x_wconf 86' lang='lat' dir='ltr'>convictos</span> <span class='ocrx_word' id='word_1_190' title='bbox 226 2055 310 2093; x_wconf 86' lang='lat' dir='ltr'>nonnisi</span> <span class='ocrx_word' id='word_1_191' title='bbox 320 2055 347 2093; x_wconf 89' lang='lat' dir='ltr'>ad</span> <span class='ocrx_word' id='word_1_192' title='bbox 356 2067 409 2106; x_wconf 87' lang='lat' dir='ltr'>opus</span> <span class='ocrx_word' id='word_1_193' title='bbox 419 2055 514 2094; x_wconf 87' lang='lat' dir='ltr'>damnari</span> <span class='ocrx_word' id='word_1_194' title='bbox 523 2058 663 2106; x_wconf 73' lang='lat' dir='ltr'>praeceperat,</span> 
     </span>
    </p>

    <p class='ocr_par' dir='ltr' id='par_1_5' title="bbox 22 2118 755 2455">
     <span class='ocr_line' id='line_1_29' title="bbox 50 2118 694 2175; baseline 0.005 -16"><span class='ocrx_word' id='word_1_195' title='bbox 50 2121 85 2160; x_wconf 86' lang='lat' dir='ltr'>Ad</span> <span class='ocrx_word' id='word_1_196' title='bbox 94 2121 149 2161; x_wconf 90' lang='lat' dir='ltr'>huno</span> <span class='ocrx_word' id='word_1_197' title='bbox 159 2118 312 2174; x_wconf 85' lang='lat' dir='ltr'>impendiorum</span> <span class='ocrx_word' id='word_1_198' title='bbox 323 2124 421 2174; x_wconf 81' lang='lat' dir='ltr'>furorem,</span> <span class='ocrx_word' id='word_1_199' title='bbox 428 2137 491 2175; x_wconf 89' lang='lat' dir='ltr'>super</span> <span class='ocrx_word' id='word_1_200' title='bbox 498 2124 597 2163; x_wconf 86' lang='lat' dir='ltr'>fiduciam</span> <span class='ocrx_word' id='word_1_201' title='bbox 604 2124 694 2175; x_wconf 81' lang='lat' dir='ltr'>imperii,</span> 
     </span>
     <span class='ocr_line' id='line_1_30' title="bbox 23 2190 542 2245; baseline 0.012 -17"><span class='ocrx_word' id='word_1_202' title='bbox 23 2190 86 2230; x_wconf 85' lang='lat' dir='ltr'>etiam</span> <span class='ocrx_word' id='word_1_203' title='bbox 97 2204 134 2242; x_wconf 87' lang='lat' dir='ltr'>spe</span> <span class='ocrx_word' id='word_1_204' title='bbox 142 2193 232 2243; x_wconf 86' lang='lat' dir='ltr'>quadam</span> <span class='ocrx_word' id='word_1_205' title='bbox 242 2194 353 2245; x_wconf 88' lang='lat' dir='ltr'>repentina</span> <span class='ocrx_word' id='word_1_206' title='bbox 362 2195 511 2234; x_wconf 88' lang='lat' dir='ltr'>immensarum</span> <span class='ocrx_word' id='word_1_207' title='bbox 521 2198 542 2234; x_wconf 87' lang='lat' dir='ltr'>et</span> 
     </span>
     <span class='ocr_line' id='line_1_31' title="bbox 23 2261 542 2315; baseline 0.01 -16"><span class='ocrx_word' id='word_1_208' title='bbox 23 2261 178 2301; x_wconf 88' lang='lat' dir='ltr'>reconditarum</span> <span class='ocrx_word' id='word_1_209' title='bbox 191 2276 254 2315; x_wconf 89' lang='lat' dir='ltr'>opum</span> <span class='ocrx_word' id='word_1_210' title='bbox 269 2264 372 2315; x_wconf 89' lang='lat' dir='ltr'>impulsus</span> <span class='ocrx_word' id='word_1_211' title='bbox 381 2269 414 2309; x_wconf 86' lang='lat' dir='ltr'>est</span> <span class='ocrx_word' id='word_1_212' title='bbox 428 2277 453 2304; x_wconf 83' lang='lat' dir='ltr'>ex</span> <span class='ocrx_word' id='word_1_213' title='bbox 463 2265 542 2305; x_wconf 88' lang='lat' dir='ltr'>indicio</span> 
     </span>
     <span class='ocr_line' id='line_1_32' title="bbox 23 2331 541 2389; baseline 0.01 -21"><span class='ocrx_word' id='word_1_214' title='bbox 23 2331 100 2381; x_wconf 87' lang='lat' dir='ltr'>equitis</span> <span class='ocrx_word' id='word_1_215' title='bbox 121 2333 211 2372; x_wconf 86' lang='lat' dir='ltr'>Romani</span> <span class='ocrx_word' id='word_1_216' title='bbox 234 2346 271 2384; x_wconf 87' lang='lat' dir='ltr'>pro</span> <span class='ocrx_word' id='word_1_217' title='bbox 290 2338 396 2389; x_wconf 59' lang='lat' dir='ltr'>cuniperto</span> <span class='ocrx_word' id='word_1_218' title='bbox 414 2334 541 2385; x_wconf 74' lang='lat' dir='ltr'>pollicentis,</span> 
     </span>
     <span class='ocr_line' id='line_1_33' title="bbox 22 2400 755 2455; baseline 0.007 -16"><span class='ocrx_word' id='word_1_219' title='bbox 22 2400 130 2441; x_wconf 86' lang='lat' dir='ltr'>thesauros</span> <span class='ocrx_word' id='word_1_220' title='bbox 139 2403 301 2453; x_wconf 84' lang='lat' dir='ltr'>antiquissimae</span> <span class='ocrx_word' id='word_1_221' title='bbox 312 2416 379 2454; x_wconf 81' lang='lat' dir='ltr'>gazae,</span> <span class='ocrx_word' id='word_1_222' title='bbox 395 2416 447 2455; x_wconf 91' lang='lat' dir='ltr'>quos</span> <span class='ocrx_word' id='word_1_223' title='bbox 461 2405 517 2443; x_wconf 90' lang='lat' dir='ltr'>Dido</span> <span class='ocrx_word' id='word_1_224' title='bbox 527 2405 599 2454; x_wconf 82' lang='lat' dir='ltr'>regina</span> <span class='ocrx_word' id='word_1_225' title='bbox 610 2405 694 2454; x_wconf 79' lang='lat' dir='ltr'>fugiens</span> <span class='ocrx_word' id='word_1_226' title='bbox 754 2428 755 2431; x_wconf 65' lang='lat'><em>=</em></span> 
     </span>
    </p>
   </div>
   <div class='ocr_carea' id='block_1_3' title="bbox 565 367 671 447">
    <p class='ocr_par' dir='ltr' id='par_1_6' title="bbox 565 367 671 447">
     <span class='ocr_line' id='line_1_34' title="bbox 566 367 671 398; baseline 0 -2"><span class='ocrx_word' id='word_1_227' title='bbox 566 367 602 397; x_wconf 85' lang='lat' dir='ltr'>The</span> <span class='ocrx_word' id='word_1_228' title='bbox 609 367 671 398; x_wconf 83' lang='lat' dir='ltr'>Golden</span> 
     </span>
     <span class='ocr_line' id='line_1_35' title="bbox 565 417 621 447; baseline 0.018 -1"><span class='ocrx_word' id='word_1_229' title='bbox 565 417 621 447; x_wconf 86' lang='lat' dir='ltr'>House</span> 
     </span>
    </p>
   </div>
   <div class='ocr_carea' id='block_1_4' title="bbox 561 1680 675 1711">
    <p class='ocr_par' dir='ltr' id='par_1_7' title="bbox 561 1680 675 1711">
     <span class='ocr_line' id='line_1_36' title="bbox 561 1680 675 1711; baseline 0 -1"><span class='ocrx_word' id='word_1_230' title='bbox 561 1680 613 1710; x_wconf 82' lang='lat' dir='ltr'>Other</span> <span class='ocrx_word' id='word_1_231' title='bbox 619 1682 675 1711; x_wconf 83' lang='lat' dir='ltr'>works</span> 
     </span>
    </p>
   </div>
   <div class='ocr_carea' id='block_1_5' title="bbox 560 2246 662 2276">
    <p class='ocr_par' dir='ltr' id='par_1_8' title="bbox 560 2246 662 2276">
     <span class='ocr_line' id='line_1_37' title="bbox 560 2246 662 2276; baseline 0.01 -1"><span class='ocrx_word' id='word_1_232' title='bbox 560 2246 595 2276; x_wconf 77' lang='lat' dir='ltr'>The</span> <span class='ocrx_word' id='word_1_233' title='bbox 602 2247 662 2276; x_wconf 84' lang='lat' dir='ltr'>hidden</span> 
     </span>
    </p>
   </div>
   <div class='ocr_carea' id='block_1_6' title="bbox 559 2275 725 2325">
    <p class='ocr_par' dir='ltr' id='par_1_9' title="bbox 559 2275 725 2325">
     <span class='ocr_line' id='line_1_38' title="bbox 559 2275 725 2325; baseline 0 -1"><span class='ocrx_word' id='word_1_234' title='bbox 559 2296 636 2325; x_wconf 77' lang='lat' dir='ltr'>treasnre</span> <span class='ocrx_word' id='word_1_235' title='bbox 706 2275 725 2305; x_wconf 73' lang='lat'>3⁰</span> 
     </span>
    </p>
   </div>
   <div class='ocr_carea' id='block_1_7' title="bbox 0 0 764 2600">
    <p class='ocr_par' dir='ltr' id='par_1_10' title="bbox 0 0 764 2600">
     <span class='ocr_line' id='line_1_39' title="bbox 0 0 764 2600; baseline 0 1"><span class='ocrx_word' id='word_1_236' title='bbox 0 0 764 2600; x_wconf 95' lang='lat' dir='ltr'> </span> 
     </span>
    </p>
   </div>
  </div>
 </body>
</html>
