1520 2600
41 70 54 111 2
92 77 112 111 Ο.
128 76 232 111 suerent
246 76 398 116 TRANQUILLI
413 77 447 110 DE
461 77 522 110 VITA
537 78 673 112 CAESARUM

40 193 153 245 praecipua
166 204 329 241 commemorem,
340 192 422 243 Appius
435 192 512 233 Caecus
527 193 648 233 societatem
661 207 709 234 cum

40 276 88 314 rege
98 263 180 315 Pyrrho
186 266 210 302 ut
220 275 294 314 parum
304 263 408 303 salubrem
417 263 467 302 iniri
477 263 583 304 dissuasit.
610 264 709 305 Claudius

41 370 171 400 Acmevements
193 334 277 374 Caudex
288 334 369 385 primus
380 334 436 373 treto
449 335 515 374 classe
527 336 615 376 traiecto
628 337 717 376 Poenos

41 421 164 450 anamisoeeas
193 405 265 445 Sicilia
279 405 365 456 expulit.
401 406 446 444 Tib.
456 406 514 445 Nero
523 407 670 446 advenientem
683 420 709 446 ex
722 442 724 445 ,

20 469 89 550 532¹?
96 477 147 499 mem·
191 476 297 528 Hispania
311 489 359 515 cum
373 476 494 527 ingentibus
508 477 574 528 copiis
590 478 710 518 Hasdruba-

191 547 708 604 lem,prinsquamAnnibalitratriconiungeretur,

41 619 151 670 oppressit.
176 618 253 658 Contra
261 618 361 657 Claudius
369 617 507 668 Regillianns,
516 619 620 658 decemvir
627 619 708 668 legibus

41 760 63 798 in
73 760 195 799 servitutem
206 771 297 798 asserere
308 762 399 808 conatus,
410 771 472 798 causa
480 759 537 811 plebi
546 760 589 798 fuit
599 760 709 799 secedendi
719 771 720 775 ¹

11 843 30 872 10
40 839 112 869 rursus
127 843 139 868 a
152 830 253 880 patribus.
282 829 382 868 Claudius
396 830 485 879 Drusus,
500 834 570 869 statua
585 830 625 869 sibi
642 830 710 869 diade-

41 904 98 939 mata
116 901 143 939 ad
161 900 218 951 Appi
237 900 314 938 Forum
336 900 411 950 posita,
435 900 521 938 Italiam
543 913 581 951 per
601 900 709 939 clientelas

41 983 141 1022 occupare
156 970 274 1021 terrrptarit.
309 969 408 1010 Claudius
427 970 518 1009 Pulcher
534 971 591 1021 apud
609 970 709 1019 Siciliam,

41 1055 82 1080 non
92 1041 226 1092 pascentibus
237 1041 259 1078 in
269 1040 397 1091 auspicando
406 1040 471 1090 pullis
483 1052 507 1079 ac
518 1053 555 1091 per
566 1043 709 1091 contemptum

41 1111 148 1160 religionis
167 1111 221 1150 mari
237 1110 343 1159 demersis,
359 1110 419 1160 quasi
435 1116 457 1148 ct
472 1112 558 1149 biber-eat
572 1113 652 1159 qrrcrrclo
669 1123 709 1149 esse

11 1191 30 1220 15
41 1183 119 1230 polleat,
134 1181 237 1232 proelium
250 1181 324 1219 navale
338 1180 397 1231 iniit,
413 1184 570 1231 superatusque,
585 1193 633 1219 oum
647 1180 710 1219 dicta-

40 1256 108 1290 torem
123 1252 190 1291 dicere
205 1264 218 1289 a
232 1255 306 1289 senatu
320 1251 432 1300 iuberetur,
448 1252 507 1289 velut
523 1251 599 1289 iterum
617 1250 709 1289 illudens

41 1321 158 1361 discrimini
167 1321 257 1372 publice,
268 1320 352 1361 Glician
362 1320 463 1359 viatorem
473 1333 534 1360 suum
545 1321 605 1359 dixit.

67 1393 159 1432 Exstant
169 1395 189 1430 et
199 1391 325 1430 feminarum
333 1390 429 1441 exempla
435 1390 519 1429 diversa
528 1403 599 1441 aeque,
607 1390 709 1441 siqnidem

41 1462 109 1512 gentis
122 1462 215 1500 eiusdem
225 1465 313 1511 utraque
326 1461 414 1500 Claudia
425 1460 473 1510 fuit,
484 1464 506 1499 et
515 1473 568 1512 quae
578 1473 652 1499 navem
663 1473 709 1499 cum

11 1542 30 1571 20
42 1532 106 1572 sacris
120 1532 195 1571 Matris
211 1532 273 1570 deum
288 1532 364 1570 Idaeae
382 1531 529 1570 obhaerentem
544 1530 641 1569 Tiberino
656 1531 709 1569 vado

42 1602 139 1651 extraxit,
150 1605 234 1653 precata
245 1601 359 1651 propalam,
369 1607 391 1639 at
403 1603 432 1639 itc
444 1603 553 1639 [lerinense
563 1608 681 1650 sequeretur,
692 1603 711 1638 sr'

42 1675 81 1711 sibi
100 1674 202 1721 praedicata
220 1677 330 1718 coriaco-er,-
351 1674 372 1709 et
391 1683 444 1721 quae
462 1683 516 1709 novo
534 1683 591 1709 more
609 1670 710 1709 iudicium

41 1742 158 1781 maiestatis
169 1742 225 1792 apud
235 1740 337 1792 populum
349 1740 424 1779 nrulier
434 1740 505 1789 subiit,
516 1741 572 1791 quod
584 1741 607 1779 in
617 1741 711 1779 conferta

42 1811 179 1851 multitudine
190 1823 250 1860 aegre
264 1811 388 1862 procedente
400 1815 499 1861 carpento
512 1810 582 1861 palam
596 1813 710 1861 optaverat,
745 1804 747 1806 ¹

12 1893 31 1922 25
42 1889 64 1921 ut
74 1885 142 1931 flater-
158 1894 206 1919 sarrs
222 1882 308 1919 Pulcher
324 1883 450 1919 reviresceret
465 1886 523 1929 otqrre
540 1883 612 1919 iterare
629 1882 711 1919 classem

43 1955 146 2000 crrrritteret,
160 1964 198 2000 pao
209 1953 276 1989 siriaci·
288 1952 347 1989 turbo
359 1951 437 1989 Rornae
445 1952 505 1999 foret.
534 1950 646 1989 Praeterea
654 1954 711 1989 nota-

43 2022 148 2061 tissimum
156 2025 193 2070 est,
202 2020 300 2059 Claudios
308 2020 380 2069 omnis,
390 2024 476 2071 excepto
483 2020 592 2058 dumtaxat
599 2020 622 2058 P.
632 2020 714 2077 Clodio,

194 2091 231 2141 qui
241 2091 266 2129 ob
277 2090 424 2141 expellendum
435 2091 486 2129 urbe
498 2089 618 2130 Ciceronem
630 2089 711 2141 plebeio

43 2149 157 2228 iidithtiness
193 2161 274 2199 homini
293 2165 356 2211 atque
373 2161 437 2199 etiarn
453 2165 505 2199 natu
520 2161 597 2198 minori
612 2160 635 2198 in
651 2160 712 2210 adop

14 2242 33 2272 30
78 2206 89 2236 g
194 2231 273 2270 tionem
292 2243 314 2270 se
338 2231 402 2280 dedit,
423 2230 534 2281 optimates
558 2233 712 2280 assertoresqne
737 2231 740 2235 ’

44 2302 115 2342 unicos
126 2302 236 2351 dignitatis
248 2314 271 2340 ac
281 2301 388 2351 potentiae
401 2300 537 2351 patriciorum
548 2312 629 2351 semper
638 2299 712 2347 tuisse,

45 2377 107 2423 atque
119 2374 218 2412 adversus
231 2372 313 2423 plebem
327 2372 378 2410 adeo
389 2370 492 2410 violentos
507 2374 528 2409 et
540 2374 677 2418 contumaces,
689 2372 713 2407 ut
748 2415 749 2418 Ἴ
