1520 2600
209 89 284 121 amun
299 90 332 122 ru..
368 90 387 122 c.
406 90 537 123 cumcurn.
685 82 712 124 67

39 203 140 253 regendos
149 203 235 241 navium
245 215 316 242 cursus
326 203 385 254 ignes
396 204 520 254 emicarent,
534 204 711 256 pronuntiatoque

40 273 103 313 militi
117 273 217 312 donativo
229 273 321 312 centenis
332 273 413 313 uiritim
427 273 525 324 denariis,
536 274 596 325 quasi
609 287 668 313 omne
679 287 712 314 ex-

40 344 131 395 emplum
141 343 275 383 liberalitatis
286 356 432 394 supergressus
440 346 506 394 Acce,
514 344 589 395 inquit,
598 347 650 395 laeti,
659 348 711 385 abde

39 417 156 466 locupletes!
188 406 190 410 ¹

5 495 29 528 47
66 487 183 525 Conversus
198 485 249 524 hinc
264 486 291 525 ad
306 497 376 525 curam
392 486 501 536 triumphi,
518 489 601 537 praeter
616 486 731 538 captivos5

39 569 63 596 ac
71 557 194 605 transfugas
207 556 305 595 barbaros
319 556 436 595 Galliarum
449 568 531 607 quoque
541 556 709 607 procerissimum

39 639 142 678 quemque
152 630 173 666 et
184 626 216 679 (ut
225 626 271 677 ipse
284 626 374 680 dicebat)
384 627 555 678 ἂξιόθριάμβευτον,

39 710 63 737 ac
72 697 184 737 nonnullos
192 709 218 736 ex
227 696 357 748 principibus
368 697 420 746 legit
429 709 453 736 ac
463 697 556 748 seposuit

39 768 66 807 ad
74 780 178 819 pompam,
189 767 298 818 coegitque
305 780 348 806 non
356 770 440 806 tantum
450 767 568 821 rutiiareet
579 767 710 807 summittere

576 672 606 703 His
613 672 689 711 triumph

39 850 125 887 comam,
140 838 212 877 sedet
226 850 342 877 sermonem
356 838 504 877 Germanicum
518 826 626 876 addiscere
641 841 661 875 et
676 851 711 877 no
721 849 740 877 10

38 908 96 946 mina
109 908 222 947 barbarica·
230 907 291 946 ferre.
319 907 430 958 Praecepit
444 907 507 946 etiam
521 907 620 956 triremis,
633 907 709 959 quibus

38 977 147 1016 introierat
167 977 278 1026 Oceanum,
298 990 373 1028 magna
391 990 417 1016 eir
435 981 494 1028 parte
517 977 594 1017 itinere
614 978 710 1017 terrestri

38 1049 127 1086 Romam
142 1047 222 1086 devehi.
252 1048 341 1098 Scripsit
354 1051 375 1086 et
389 1048 564 1098 procuratoribus,
578 1048 710 1098 triumphum

38 1122 163 1169 appararent
177 1131 239 1169 quam
250 1117 338 1157 minima
348 1130 434 1166 summa,
445 1118 482 1157 sed
492 1122 583 1168 quantus
595 1131 710 1169 numquam

38 1188 92 1227 alius
111 1188 193 1238 fuisset,
213 1188 297 1239 quando
317 1188 340 1226 in
358 1188 451 1226 omnium
471 1188 580 1227 hominum
603 1188 658 1227 bona
676 1189 709 1228 ius
721 1199 739 1228 15

37 1259 143 1297 habereut.

4 1333 28 1365 48
64 1328 191 1379 Priusquam
205 1328 314 1379 provincia
328 1327 442 1377 decederet,
452 1328 564 1367 consilium
578 1328 627 1367 iniit
638 1330 710 1368 nefan-

39 1398 76 1437 dae
93 1399 215 1447 atrocitatis,
234 1397 333 1448 legiones,
353 1410 406 1448 quae
424 1401 473 1448 post
491 1411 599 1438 excessum
617 1399 709 1448 Augusti

39 1468 163 1508 seditionem
186 1468 236 1507 oiim
259 1472 373 1518 moverant,
393 1468 566 1518 contrucidandi,

39 1538 94 1589 quod
110 1542 131 1577 et
146 1542 228 1589 patrem
244 1551 305 1577 suum
321 1538 469 1577 Germanicum
484 1539 558 1577 ducem
575 1536 618 1566 1³¹³ss
624 1538 642 1567 ΐΰ
649 1545 694 1592 Ηξᾶὂ·
720 1549 740 1578 aa

39 1611 97 1648 etse
113 1609 217 1648 infantem
233 1611 283 1646 tunc
300 1608 437 1657 obsedissent,
453 1608 531 1659 vixque
546 1621 559 1647 a
575 1587 695 1666 {qqrzerppppns

38 1682 82 1717 tarn
91 1677 202 1729 praecipiti
209 1678 335 1727 cogitatione
344 1667 458 1728 revocatus,
467 1678 558 1717 inhiberi

39 1748 97 1787 nullo
115 1742 179 1787 modo
200 1748 270 1799 potuit
289 1748 340 1799 quin
364 1748 467 1787 decimare
486 1748 541 1787 veile
560 1753 708 1800 perseveraret.

38 1819 128 1858 Vocatas
137 1819 209 1869 itaque
219 1819 246 1857 ad
255 1819 373 1857 contionem
382 1818 478 1867 inermes,
487 1822 549 1869 atque
559 1819 622 1858 etiam
633 1818 709 1869 gladiis

39 1888 146 1939 depositis,
157 1889 254 1942 equitatu
263 1893 343 1928 armato
353 1889 496 1928 circumdedit.
521 1889 562 1928 Sed
572 1901 619 1927 cum
629 1888 710 1928 videret
721 1899 740 1928 25

40 1962 137 2009 suspecta
153 1971 175 1997 re
190 1959 301 2010 plerosque
318 1959 384 1999 diiabi
400 1959 427 1998 ad
443 1959 568 1998 resumenda
584 1959 603 1997 si
619 1971 661 2010 qua
677 1959 710 1998 vis

39 2027 99 2067 fieret
106 2041 169 2078 arma,
176 2030 272 2080 profugit
279 2030 397 2069 contionem
406 2030 559 2080 confestimque
568 2029 642 2068 urbem
648 2029 709 2079 petit,

40 2098 121 2138 deflexa
136 2100 194 2138 omni
210 2100 323 2140 acerbitate
339 2101 479 2150 incenatum,
495 2101 528 2139 cui
544 2101 571 2139 ad
586 2100 710 2139 avertendos

39 2172 145 2209 tantorum
156 2170 280 2210 dedecormn
294 2183 387 2210 rumores
396 2170 466 2222 palam
476 2170 606 2219 minabatur,
621 2181 710 2220 querens

39 2239 95 2279 inter
104 2244 173 2280 cetera
181 2241 302 2280 fraudatum
313 2253 335 2280 se
345 2240 400 2280 iusto
410 2240 523 2291 triumpho,
534 2240 636 2292 cumipse
647 2239 711 2290 panio
722 2248 741 2277 ac

40 2314 95 2360 ante,
113 2324 140 2350 ne
159 2311 211 2362 quid
229 2311 255 2350 de
273 2310 387 2350 honoribus
406 2311 449 2350 suis
469 2314 570 2361 ageretur,
590 2310 654 2349 etiam
672 2307 724 2349 sub'

6 2383 31 2417 49
41 2381 114 2420 mortis
133 2393 199 2432 poena
218 2381 368 2420 denuntiasset.
403 2380 481 2420 Aditus
501 2392 549 2431 ergo
565 2379 588 2418 in
604 2379 679 2418 itinere
699 2392 712 2418 a
