1520 2600
256 109 330 140 imun
345 108 377 140 vr.
412 107 483 140 uano.
665 99 707 141 129

38 237 77 275 que
87 236 167 264 veneno
177 228 214 263 aut
224 224 292 273 fame3
308 227 396 272 constat7
407 223 508 273 quosdam
522 235 569 261 eum
580 222 707 273 paedagogis

37 298 58 334 et
73 295 172 345 capsariis
186 307 228 333 uno
242 294 331 346 prandio
344 293 423 345 pariter
436 296 527 342 neeatos,
542 292 593 331 alios
609 292 707 331 diurnum

37 365 116 404 vietum
126 365 243 416 prohibitos
254 376 358 415 quaerere.

3 438 27 472 37
62 434 142 474 Nullus
158 435 246 487 posthae
263 435 369 474 adhibitus
386 434 475 473 dilectus
492 437 529 473 aut
544 434 618 485 modus
637 434 708 485 interi-

38 505 107 544 mendi
122 517 264 556 quosoumque
278 505 375 544 libuisset
389 516 519 555 quacumque
531 504 556 543 de
569 517 637 543 eausa.
667 505 727 544 Sed5

37 588 63 615 ne
78 576 103 615 de
117 575 213 626 pluribus
227 576 324 625 referam,
340 574 462 614 Saluidieno
477 574 543 614 Orfito
557 574 659 613 obiectum
675 578 707 613 est

38 647 94 697 quod
107 647 204 685 tabernas
218 650 262 685 tres
276 646 302 684 de
316 646 377 684 domo
387 641 496 684 suasura
506 645 575 683 forum
586 644 707 684 civitatibus

38 717 64 756 ad
79 716 189 756 stationem
204 716 300 765 beasset,
315 715 388 755 Cassio
402 714 497 764 Longino
511 714 563 753 iuris
577 715 672 754 consulto
684 728 707 754 ae

37 787 150 826 luminibus
159 787 237 836 orbato,
246 786 302 837 quod
309 786 332 823 in
339 789 409 824 vetere
419 784 493 835 gentili
501 788 611 824 stemmate
619 785 640 824 Ο.
648 785 708 825 Cassi

37 857 165 908 percussoris
176 856 270 896 Caesaris
280 855 382 905 imagines
392 854 520 903 retinuisset,
527 855 594 893 Paeto
604 855 707 894 Thraseae
719 860 738 890 10

37 927 118 966 tristior
134 931 155 966 et
171 926 286 978 paedagogi
303 925 380 964 vultus.
409 924 465 964 Mori
481 924 544 964 iussis
559 937 601 963 non
617 925 707 976 amplius

37 1009 99 1048 quam
113 996 177 1035 trium
191 997 289 1035 horarum
304 995 396 1046 spatium
410 995 483 1044 dabat3
501 1007 524 1033 ao
538 1007 564 1033 ne
577 994 628 1045 quid
638 1008 707 1034 morae

37 1066 180 1116 interveniret,
191 1066 282 1105 medicos
293 1065 417 1104 admovebat
427 1064 463 1115 qui
474 1068 596 1104 eunetantes
609 1065 708 1104 continuo

38 1139 133 1175 ourarent
142 1137 180 1189 (ita
188 1137 244 1175 enim
251 1136 364 1175 voeabatur
372 1147 436 1174 venas
443 1134 517 1173 mortis
525 1134 593 1184 gratia
599 1134 706 1189 inuidere).

37 1206 134 1245 Creditur
147 1207 211 1245 etiam
226 1206 346 1257 polyphago
361 1205 443 1243 cuidam
456 1204 550 1259 Aegypti
563 1205 650 1254 generis,
665 1217 708 1243 eru·
718 1211 737 1240 15

37 1277 85 1315 dam
99 1289 182 1315 earnem
197 1280 218 1315 et
233 1274 336 1326 quidquid
351 1275 436 1313 daretur
449 1274 548 1313 mandere
562 1278 651 1324 assueto,
662 1287 708 1313 oon-

36 1345 119 1397 eupisse
128 1347 187 1385 vivos
197 1345 292 1384 homines
305 1344 414 1383 laniandos
427 1344 606 1394 absumendosque
620 1344 706 1383 obicere

36 1416 110 1455 Elatus
120 1416 246 1466 inflatusque
257 1415 323 1453 tantis
333 1414 391 1452 velut
402 1414 537 1463 successibus,
547 1413 633 1463 negavit
642 1427 707 1464 quom-

5 1482 7 1484 ’
37 1499 97 1535 quarn
112 1488 229 1535 primipara
248 1487 307 1523 scisse
324 1486 372 1534 qaid
389 1486 428 1522 sibi
444 1485 515 1533 liceret,
531 1484 650 1535 multasque
668 1497 707 1523 neo

36 1555 110 1594 dubias
125 1555 287 1605 significationes
303 1566 364 1604 saepe
378 1553 434 1602 ieoit7
447 1566 474 1591 ne
488 1553 575 1603 reliquis
589 1554 674 1604 quidem
685 1566 707 1593 se
718 1558 737 1587 20

36 1638 145 1676 parsurum
154 1625 291 1674 senatoribus,
300 1636 389 1674 eumque
399 1624 493 1662 ordinem
503 1624 635 1662 sublaturum
644 1637 708 1674 quan-

36 1696 103 1745 doque
122 1707 133 1733 e
151 1708 173 1734 re
192 1695 277 1746 publiea
295 1707 319 1733 ae
337 1694 455 1752 provincias
475 1697 496 1732 et
515 1693 618 1732 exereitus
639 1694 707 1744 equiti

36 1765 130 1803 Romano
138 1777 161 1804 ao
171 1764 253 1804 libertis
263 1764 420 1815 permissurum.
449 1763 510 1803 Certe
517 1775 584 1814 neque
592 1763 706 1803 adveniens

35 1847 103 1885 neque
121 1835 254 1885 profiaiseens
274 1846 400 1884 quemquam
419 1833 490 1872 osoulo
509 1833 618 1884 impertiit,
638 1846 661 1872 ao
680 1847 706 1872 ne

35 1904 184 1943 resalutatione
204 1889 299 1955 quidem3
321 1907 342 1942 et
360 1903 383 1942 in
402 1903 530 1954 auspicando
548 1915 610 1954 opere
628 1889 706 1942 Isthmi
717 1912 736 1940 25

36 1988 111 2025 magna
120 1975 239 2026 frequentia
251 1975 306 2014 olare
316 1981 337 2013 ut
347 1977 386 2014 sibi
394 1988 418 2014 qo
426 1976 502 2025 populo
514 1975 606 2013 Romano
616 1975 663 2013 bere
674 1987 706 2013 res

34 2051 116 2084 verteret
126 2045 213 2096 optavit,
225 2045 358 2085 dissimulata
368 2049 452 2084 senatus
462 2045 573 2083 mentione.

1 2120 25 2152 38
62 2115 103 2154 Sed
112 2114 592 2167 neepopuloautmoenibuspatriaepeperoit.
616 2114 705 2154 Dicente

34 2185 124 2236 quodam
133 2184 156 2224 in
164 2198 258 2225 sermone
270 2185 386 2224 communi:
690 2182 692 2184 ’

186 2256 244 2306 Ἐμοῦ
254 2256 339 2296 θανόντος
349 2258 393 2307 γαῖα
402 2255 487 2307 μιχθήτω
496 2256 543 2306 πυρί
551 2256 558 2292 l
715 2264 735 2293 30

34 2326 106 2375 barno,
126 2325 202 2377 inquit,
221 2328 266 2376 ἐμοῦ
284 2326 364 2372 {torosi
386 2319 489 2375 pla'neqne
508 2323 539 2362 ita
557 2323 615 2362 feeit.
648 2325 704 2364 Nam

34 2395 95 2446 quasi
110 2395 202 2435 offensus
217 2394 351 2434 deformitate
365 2398 460 2433 veterum
478 2386 621 2433 aedificiorum
636 2398 657 2433 et
671 2407 705 2434 an-
