1520 2600
223 61 297 95 1111111
313 62 344 95 iv.
381 61 400 95 o.
419 61 550 95 61116611.
696 51 723 94 61

51 176 98 227 peio
107 177 180 228 stirpis
193 177 292 227 antiquae
303 176 377 227 Magni
388 188 507 227 eognomen.
537 175 687 225 Ptolemaeum,
698 176 723 214 de

52 259 92 298 quo
102 247 180 296 rettuli,
191 251 212 285 et
222 246 345 286 arcessitum
355 259 366 285 e
376 259 440 296 regno
450 250 471 285 et
483 249 592 297 exceptum
603 245 723 295 honorifice,

51 330 92 355 non
107 317 148 356 alia
161 317 186 356 de
201 329 263 356 eausa
275 320 361 368 repente
373 316 483 368 percussit)
497 329 559 367 quam
573 316 634 367 quon,
649 316 723 355 edente

52 400 73 426 se
92 400 174 436 munus,
194 387 310 437 ingressum
330 387 449 438 speotaeula
469 387 596 434 convertisse
615 386 723 425 hominum

51 457 121 497 oeulos
130 458 212 507 fulgore
222 470 339 508 purpureae
347 457 427 497 abollae
437 456 591 496 animadvertit.
620 456 722 495 Pulchros
734 466 744 496 5

52 532 72 566 et
82 532 179 577 oomatos,
188 527 285 578 quotiens
296 527 336 567 sibi
349 532 486 576 occurrerent,
493 527 590 578 occipitio
600 528 723 566 1666116111-

51 598 119 648 pabat,
148 599 201 637 Erat
215 598 277 637 Esius
292 598 392 637 Proculus
407 602 467 648 patre
480 597 614 648 primipilari,
628 597 653 636 ob
668 610 723 647 egre-

51 668 106 717 giam
116 668 207 719 eorporis
215 668 375 719 amplitudinem
386 673 407 708 et
417 668 507 719 speeiem
516 668 634 709 Colosseros
644 668 722 717 dietus3

50 738 106 776 huno
121 739 246 789 speetaeulis
262 739 379 778 detractum
396 742 482 789 repente
497 739 555 777 etin
572 738 672 777 harenam
691 738 724 777 de-

51 808 137 846 duetum
147 808 236 847 Thraeci
251 811 271 847 et
285 821 334 847 mox
347 808 485 859 hoplornaeho
499 808 634 858 comparavit,
649 807 722 859 bisque
734 816 753 845 10

50 870 151 916 victorem
166 877 281 927 constringi
296 878 341 917 sine
355 890 413 917 mora
427 878 489 917 iussit
503 882 525 921 et
538 877 614 929 pannis
631 877 722 916 obsitum

50 948 136 986 vieatiru
150 948 277 987 eireunrduei
292 960 315 987 ao
331 947 454 987 mulieribus
469 947 558 996 ostendi,
574 947 649 986 deinde
665 947 723 997 iugu-

50 1017 95 1056 lari.
122 1017 201 1056 Nullus
216 1018 305 1068 denique
322 1021 366 1056 tarn
383 1018 475 1057 abiectae
492 1017 621 1056 condicionis
636 1022 722 1068 tamque

50 1091 155 1126 extremae
172 1087 233 1126 sortis
253 1088 301 1136 1111,
318 1088 377 1126 ouius
396 1100 438 1126 non
457 1087 570 1126 eommoclis
590 1088 720 1126 obtrectaret.

49 1156 173 1196 Nemorensi
187 1157 237 1206 regi,
248 1157 304 1207 quod
316 1157 393 1196 multos
407 1157 449 1196 iarn
463 1170 527 1196 annos
540 1160 647 1208 poteretur
657 1170 722 1197 saeer—
733 1169 752 1198 15

50 1226 112 1275 (lotio,
123 1226 246 1265 validiorem
256 1226 399 1266 adversarium
411 1227 538 1266 subornarit.
568 1227 620 1266 Cum
631 1228 720 1277 quodam

49 1296 83 1333 die
102 1296 194 1335 muneris
219 1297 323 1336 essedario
346 1297 414 1345 Porio,
439 1297 465 1336 ob
488 1309 608 1347 prosperam
629 1309 721 1347 pugnam

49 1378 132 1404 servum
148 1379 209 1405 suum
226 1366 389 1414 manumittenti,
408 1366 524 1422 studiosius
542 1366 639 1417 plausum
659 1371 719 1414 esset,

22 1431 24 1436 ’
47 1434 79 1473 ita
96 1435 201 1486 proripuit
219 1448 241 1474 66
264 1436 395 1487 speetaoulis,
415 1440 439 1474 ut
458 1436 537 1475 calcata
560 1435 643 1485 laoinia
659 1440 720 1486 togae

48 1517 146 1555 praeceps
165 1518 202 1555 per
222 1506 297 1555 gradus
316 1506 363 1554 iret,
382 1506 552 1555 indignabundus
572 1509 593 1544 et
609 1505 719 1544 clamitans
731 1517 750 1546 20

48 1576 152 1613 1661111661
167 1577 256 1625 peritiora
268 1578 367 1625 popilium
383 1588 407 1614 ea·
423 1589 444 1614 re
461 1578 563 1614 1661661166
575 1576 623 1624 olus
638 1576 720 1614 lionoris

46 1645 156 1693 gladiatori
179 1647 297 1684 1111666166
316 1658 377 1694 quum
400 1647 519 1684 6666661616
534 1647 661 1694 pisinuntis
684 1651 720 1684 6111

43 1716 147 1762 praesenti
163 1716 206 1753 sibi.

13 1862 36 1896 37
72 1853 191 1904 Nepotatus
204 1854 325 1905 sumptibus
336 1854 429 1893 omnium
441 1854 575 1906 prodigorum
588 1854 673 1904 ingenia
687 1867 719 1893 su-

46 1919 133 1973 peravit,
149 1928 277 1963 commentus
294 1924 511 1963 novum‘balnearum
530 1936 597 1973 usum,
614 1927 719 1974 portento·
729 1934 748 1964 25

46 1992 130 2032 sissima
146 2006 221 2043 genera
235 1994 326 2033 ciborum
341 1997 404 2045 atque
421 2006 524 2043 cenarum,
542 1997 566 2032 ut

14 2098 18 2107 ,
46 2062 120 2102 calidis
133 2064 259 2115 frigidisque
272 2065 385 2114 unguentis
398 2065 509 2113 lavaretur,
522 2076 566 2115 pre-

45 2132 160 2172 tiosissima
169 2134 282 2183 margarita
291 2138 350 2173 16616
359 2134 474 2184 liquefacta
482 2135 579 2184 sorberet,
587 2135 681 2175 convivis
692 2148 717 2174 ex

46 2213 95 2241 auro
105 2216 169 2254 panes
183 2207 204 2243 61
217 2204 303 2243 obsonia
316 2208 434 2255 apponeret,
446 2210 481 2244 661
490 2207 549 2256 fingi
564 2206 716 2245 1166111161116666

45 2278 133 2320 oportere
149 2273 249 2312 dictitans
264 2280 299 2312 6111
315 2274 427 2314 Censorem.
456 2274 511 2320 Quin
528 2280 549 2314 61
564 2288 660 2315 nummos
674 2288 716 2314 non
728 2288 747 2317 30

45 2341 154 2382 mediocris
168 2334 260 2383 summae
273 2356 284 2382 e
297 2344 384 2394 fastigio
397 2343 495 2383 basilicae
507 2345 575 2385 Iuliae
586 2358 624 2397 per
635 2345 716 2396 aliquot

583 2038 689 2076 Prodigality
