1520 2600
54 103 97 144 130
123 111 142 144 c.
158 111 262 145 sunroru
275 111 427 151 reauoumnr
439 112 472 144 nn
485 113 546 144 urm
560 112 695 146 oAnsAauu

54 226 130 276 gustiis
144 225 271 276 flexurisque
283 225 383 275 vicorum,
397 225 492 265 incendit
505 226 578 266 urbem
589 230 632 266 tam
647 226 723 278 palam,

54 300 78 335 ut
85 296 179 346 plerique
187 296 305 335 consulares
313 296 451 335 cubicularios
457 296 507 345 eius,
519 309 564 335 cum
576 297 724 348 stuppataeda-

205 378 245 416 que
261 365 285 404 iu
299 365 391 417 praediis
406 366 449 405 suis
465 366 611 416 deprehensos,
622 379 664 405 nou
677 367 724 406 atti-

53 419 154 500 {gpehums
206 436 285 486 gerint3
309 439 330 475 et
348 436 450 487 quaedam
466 436 541 475 horrea
559 436 614 476 circa
633 437 723 475 Domum

33 516 42 545 5
206 506 303 555 Auream,
313 518 401 556 quorum
411 505 503 557 spatium
516 506 606 545 maxime
621 507 724 546 desidera-

53 575 95 625 bat,
105 578 130 614 ut
138 574 221 615 bellicis
230 576 333 615 machinis
342 576 448 615 labefacta
459 579 521 627 atque
534 576 664 616 inflammata
674 577 722 633 sint,

53 646 109 695 quod
116 649 439 685 saxeomuroconstructaerant.
460 647 723 698 Persexdiesseptemque

52 719 124 755 noctes
139 729 163 756 ea
177 716 235 756 clade
250 716 353 756 saevitum
368 721 405 766 est,
418 717 445 756 ad
458 721 640 756 monumentorum
654 718 724 757 busto-

53 799 141 837 rumque
157 786 276 826 deversoria
294 786 355 837 plebe
371 786 483 838 compulsa.
513 788 571 826 Tunc
587 791 670 838 praeter
686 788 723 826 im-

23 864 42 893 10
53 869 148 895 mensmn
162 869 272 895 numerum
286 856 403 895 insularmn
420 857 493 896 domus
512 857 627 908 priscorum
647 857 722 896 ducum

53 930 149 966 arserunt
162 926 275 966 hostilibus
290 926 358 965 adhuc
373 926 447 978 spoliis
461 928 579 977 adornatae,
595 928 722 979 deorumque

53 997 114 1035 aedes
133 997 159 1034 ab
175 997 259 1045 regibus
275 1009 299 1035 ac
315 996 391 1035 deinde
408 997 495 1035 Punicis
514 1000 536 1035 et
555 996 642 1036 Gallicis
661 997 721 1037 bellis

53 1070 114 1105 votae
124 1066 278 1117 dedicataeque,
289 1070 310 1105 et
320 1066 423 1117 quidquid
434 1066 545 1105 visendum
554 1070 617 1117 atque
624 1079 722 1107 memora-

4 1159 7 1164 -
52 1137 94 1175 bile
109 1149 135 1175 ex
149 1136 277 1186 antiquitate
292 1136 408 1175 duraverat.
440 1137 487 1175 Hoc
505 1137 625 1176 incendium
640 1150 651 1176 e
664 1141 721 1177 turre

23 1212 41 1240 1⁵
52 1207 213 1246 Maecenatiana
226 1210 363 1257 prospectans
377 1206 487 1257 laetusque
497 1210 602 1257 florianae,
612 1211 637 1246 ut
646 1207 721 1257 aiebat,

49 1279 200 1327 pulclududbrc
218 1276 310 1316 Halosin
328 1276 365 1315 ilii
383 1276 406 1314 in
424 1277 462 1315 illo
478 1290 515 1316 suo
535 1278 629 1316 scaenico
647 1277 722 1317 habitu

53 1347 178 1386 decantarit.
206 1347 238 1385 Ac
256 1359 283 1386 ne
301 1359 344 1385 non
362 1347 412 1386 hinc
430 1359 512 1398 quoque
531 1350 633 1398 quantum
651 1352 722 1399 posset

52 1418 141 1469 praedae
154 1420 176 1456 et
188 1416 334 1456 manubiarum
348 1416 463 1466 invaderet,
474 1417 582 1468 pollicitus
597 1418 721 1456 cadaverum

53 1491 74 1527 et
87 1488 187 1526 ruderum
205 1486 318 1536 gratuitam
338 1488 471 1536 egestionem,
486 1487 566 1526 nemini
580 1488 606 1526 ad
620 1487 721 1538 reliquias

23 1559 122 1597 2⁰rerum
146 1569 230 1595 suarum
254 1556 311 1595 adire
334 1556 443 1608 permisit;
468 1556 656 1607 collationibusque
680 1570 722 1595 uon

52 1627 142 1679 receptis
160 1627 222 1666 modo
235 1639 308 1665 verum
322 1630 343 1665 et
357 1626 476 1676 efflagitatis
495 1627 614 1678 provincias
632 1627 722 1677 privato

52 1710 139 1749 rumque
153 1709 227 1736 census
242 1708 306 1747 prope
321 1696 423 1735 exhausit,
452 1696 593 1736 decesserunt
611 1697 676 1736 tantis
695 1710 721 1736 er
731 1704 755 1736 39

52 1767 146 1819 principe
152 1766 213 1806 malis
221 1767 343 1818 probrisque
351 1767 452 1817 quaedam
459 1770 480 1805 et
487 1767 586 1806 fortuita:
599 1754 720 1818 pestilentia

202 1837 266 1876 unius
280 1837 381 1886 autumni,
393 1850 433 1888 quo
447 1837 535 1887 triginta
549 1837 646 1876 funerum
661 1837 721 1876 milia

202 1907 336 1947 iurationem
346 1907 451 1947 Libitinae
461 1911 574 1958 venerunt3
594 1907 663 1947 clades
677 1907 720 1946 Bri-

202 1977 300 2029 tannica„
310 1992 352 2029 qua
365 1979 405 2017 duo
421 1978 533 2029 praecipua
549 1977 627 2029 oppida
645 1990 720 2028 magua

51 2047 129 2087 civium
144 2048 287 2099 sociorumque
304 2049 367 2088 caede
384 2049 466 2100 direpta
482 2052 544 2098 sunt;
563 2048 680 2098 ignominia
693 2049 720 2087 ad

51 2118 164 2169 Orientem,
175 2118 291 2168 legionibus
302 2119 324 2158 in
332 2119 432 2158 Armenia
442 2119 480 2158 sub
490 2119 562 2169 iugum
571 2118 642 2158 missis
652 2130 720 2169 aegre-

50 2213 145 2252 menons
201 2202 241 2240 que
253 2189 314 2241 Syria
327 2193 413 2229 retenta.
442 2189 521 2228 Mirum
532 2193 553 2229 et
563 2189 598 2229 vel
608 2189 719 2240 praecipue

21 2267 40 2296 30
51 2263 124 2294 directed
201 2259 294 2299 notabile
306 2260 362 2299 inter
372 2260 424 2299 haec
435 2260 506 2309 fuerit,
516 2259 570 2298 nihil
581 2271 628 2299 eum
640 2259 719 2311 patien-

50 2313 120 2352 against
126 2313 169 2344 Nem
201 2329 244 2369 tius
260 2342 323 2380 quam
337 2330 450 2369 maledicta
465 2334 485 2369 et
502 2329 596 2369 convicia
610 2330 718 2369 hominum

50 2399 130 2449 tulisse,
143 2412 211 2450 neque
227 2399 250 2438 in
265 2400 319 2440 ullos
334 2400 435 2439 leniorem
448 2412 511 2451 quam
524 2399 561 2451 qui
574 2411 596 2439 se
606 2399 674 2439 dictis
682 2404 719 2439 aut

21 1915 41 1944 25
51 1892 103 1923 Other

51 1943 135 1973 nsasters
