1520 2600
34 89 61 131 74
85 98 105 131 o.
122 98 226 131 sunroru
241 97 393 137 rnnucnmnr
409 98 442 129 nn
457 97 517 129 vira
533 97 668 130 cursurum

33 225 89 261 num,
101 212 188 250 alterum
200 225 211 250 e
221 211 340 260 coniuratis,
349 211 456 250 tribunum
467 223 493 249 cx
502 212 590 251 adverso
597 212 705 251 traiecisse

33 286 115 332 pectus3
131 281 167 319 alii
183 282 289 329 Sabinum,
300 284 404 320 summota
415 294 452 332 per
466 281 559 320 conscios
574 282 704 321 centuriones

32 352 99 400 turba,
111 351 194 400 signnm
204 362 260 389 more
270 350 359 389 militiae
369 351 454 401 petisse,
465 354 486 389 et
496 350 549 389 Gaio
559 352 631 390 Iovem
642 352 704 391 dante

33 421 145 459 Chaeream
171 420 309 459 exclamasse:
337 420 411 469 Accipe
434 422 515 459 cutiaco!
542 421 704 473 respicientique

32 489 140 529 maxillam
153 490 197 529 ictu
208 489 324 529 discidisse.
354 490 460 529 Iaoentem
475 490 628 541 contractisque
642 504 720 533 mem-5

32 560 75 599 bris
90 560 233 598 clamitantem
243 572 263 598 se
273 562 338 598 oluere
350 560 414 599 ceteri
427 560 548 599 vulneribus
562 561 649 610 triginta
659 574 705 600 con-

33 630 140 680 fecerunt;
160 643 207 668 nam
225 628 307 679 signum
325 634 369 669 erat
386 630 489 669 omniurn:
510 631 596 680 Repete!
615 631 704 677 Quidam

34 699 97 738 etiam
111 713 148 750 per
162 701 251 739 obscena
260 700 338 738 ferrum
355 700 475 750 adegerunt.
513 699 548 738 Ad
564 701 655 751 primurn
673 704 705 739 tu-

32 769 122 807 multum
141 769 244 807 lecticarii
260 782 307 807 cnm
326 769 430 808 asseribus
447 770 470 807 in
489 770 592 808 auxilium
611 783 704 809 accucur-

32 843 110 889 rerunt,
130 852 178 878 mox
198 839 297 879 Germani
316 839 407 890 corporis
427 840 530 888 custodes,
549 852 574 878 ac
592 841 704 879 nonnullos
715 852 734 880 ro

33 922 59 947 ex
76 909 240 960 iteroussoribus,
265 909 366 958 quosdam
390 910 453 948 etiarn
477 913 583 948 senatores
607 910 703 949 innoxios

32 978 188 1017 interemerunt.

0 1052 22 1085 ·9
59 1049 120 1088 Vixit
129 1049 190 1088 annis
199 1048 277 1099 uiginti
286 1061 368 1098 novem,
379 1048 492 1100 imperarit
500 1049 591 1089 triennio
602 1054 623 1089 et
632 1051 704 1090 decem

33 1118 139 1157 mensibus
154 1118 268 1168 diebusque
283 1121 335 1156 octo.
364 1118 458 1157 Cadaver
472 1117 517 1156 eius
531 1119 585 1157 olam
599 1119 622 1157 in
633 1120 704 1158 hortos

33 1187 145 1226 Lamianos
160 1190 296 1238 asportatum,
313 1190 334 1226 et
349 1187 488 1227 tumultuario
504 1200 553 1237 rogo
606 1234 610 1240 ,
715 1200 734 1229 15

34 1258 206 1296 semiambustum
224 1257 267 1295 levi
286 1257 377 1307 caespite
396 1257 493 1296 obrutum
514 1261 552 1306 est,
570 1234 628 1263 Bunar

32 1329 106 1377 postea
115 1339 151 1377 per
160 1339 239 1366 sorores
249 1326 276 1365 ab
285 1326 349 1365 exilio
360 1339 454 1365 reversas
468 1329 550 1364 erutum
560 1330 581 1365 et
591 1331 704 1365 crematum

33 1397 185 1447 sepultumque.
210 1396 266 1435 Satis
274 1400 362 1445 constat,
370 1397 491 1448 priusquam
500 1396 523 1435 id
530 1396 589 1435 fieret
596 1397 704 1436 hortorum

33 1452 130 1504 custodes
143 1466 223 1504 umbris
238 1465 378 1515 inquietatos3
394 1466 416 1503 in
426 1478 451 1504 ea
461 1478 543 1515 quoque
553 1466 620 1514 domo,
630 1466 652 1503 in
663 1479 705 1516 qua

34 1536 158 1584 occubuerit,
167 1536 247 1575 nullam
257 1539 339 1575 noctem
348 1536 393 1575 sine
403 1536 473 1586 aliquo
483 1539 562 1574 terrore
571 1539 703 1584 transactam,
715 1546 735 1574 a)

34 1606 99 1645 donec
112 1606 159 1656 ipsa
173 1607 246 1645 domus
259 1606 356 1645 incendio
369 1609 493 1657 consumpta
502 1606 535 1644 sit.
564 1606 623 1644 Perit
632 1619 674 1645 una
684 1610 705 1644 et

33 1689 85 1714 uxor
93 1676 195 1715 Caesonia
204 1676 274 1726 gladio
284 1689 296 1715 a
306 1678 427 1715 centurione
435 1676 538 1725 confossa,
547 1679 568 1714 et
577 1675 622 1714 filia
629 1675 704 1726 parieti

33 1746 101 1785 inlisa.
672 1745 674 1748 ’

2 1817 24 1850 ·0
60 1816 208 1855 Condicionem
222 1821 339 1867 temporum
353 1816 438 1855 illorum
451 1816 515 1855 etiam
529 1828 566 1866 per
580 1815 631 1854 haec
645 1815 705 1855 aesti-

33 1898 90 1925 mare
106 1886 177 1936 quivis
193 1886 265 1937 possit.
299 1887 355 1925 Nam
371 1899 438 1937 neque
453 1886 515 1924 caede
530 1885 616 1934 vulgata
632 1885 704 1924 statim
715 1892 734 1921 25

34 1956 136 1995 creditum
147 1960 184 2006 est,
195 1956 278 2007 fuitque
288 1941 385 2007 suspicio,
396 1956 422 1995 ab
431 1955 478 2007 ipso
487 1954 540 1995 Gaio
547 1955 626 1993 famam
636 1954 704 1994 caedis

34 2027 156 2066 simulatum
175 2031 196 2066 et
215 2027 318 2076 emissam,
335 2031 397 2066 uteo
413 2031 474 2078 pacto
490 2025 555 2072 homi-

33 2111 84 2136 num
101 2111 150 2148 erga
166 2101 282 2138 sementes
297 2097 471 2149 deprehenderet3
486 2108 554 2147 neque
571 2093 698 2124 Desireofsen-

34 2169 138 2207 coniurati
153 2169 249 2219 cuiquam
261 2169 373 2220 imperium
384 2167 552 2207 destinauerunt·
571 2144 600 2173 ate
607 2144 625 2173 ω
632 2144 696 2173 mm

548 2196 553 2217 ⁷
571 2201 589 2223 re
601 2193 645 2224 ublic

34 2242 55 2278 et
68 2242 153 2278 senatus
170 2239 192 2277 in
206 2239 318 2279 asserenda
333 2238 431 2278 libertate
446 2237 497 2276 adeo
509 2249 555 2276 oon·
589 2201 600 2232 p
716 2247 735 2277 eo

35 2309 106 2358 sensit,
126 2312 150 2348 ut
169 2309 264 2348 consules
283 2309 351 2359 primo
369 2321 412 2347 non
431 2307 454 2346 in
473 2307 559 2356 curiam,
580 2307 629 2357 quia
649 2305 706 2345 Iulia

34 2380 152 2429 vocabatur,
168 2380 209 2418 sed
219 2379 242 2418 in
255 2378 383 2430 Capitolium
400 2376 540 2427 convocarint,
557 2376 643 2427 quidam
656 2388 706 2415 vero
