1520 2600
201 96 277 128 11111
292 96 325 129 11.
360 96 379 129 c.
398 95 528 130 caticum,
675 89 702 130 65

29 224 51 251 se
61 213 194 261 recepturum
205 209 306 261 stetitque
316 210 339 248 in
346 210 450 250 vestibulo
459 211 542 249 aedinrn
552 210 588 249 Kl.
598 211 702 250 Ianuariis

29 282 57 321 ad
75 281 190 330 captandas
210 280 281 331 stipes,
297 292 348 330 quas
360 280 428 330 plenis
443 284 492 319 1116
507 293 554 319 eum
568 281 664 319 manibus
679 293 703 319 ac

29 353 77 391 sinu
89 350 157 389 omnis
171 350 252 399 generis
265 350 327 388 turba
340 350 448 389 fundebat.
477 349 552 389 Novis·
652 394 655 399 ¹

29 423 81 462 sime
92 420 252 460 contrectandae
263 419 363 471 pecuniae
376 420 474 471 cupidine
484 420 552 459 110611-
569 392 631 422 Forceu
639 392 682 431 grfts

30 505 70 542 sus,
81 504 142 542 saepe
153 502 215 541 super
225 490 337 529 immensos
347 502 456 529 aureorum
462 503 547 529 acervos
555 489 702 540 patentissimo
713 497 722 525 5

29 562 116 601 diffusos
130 561 176 599 1000
191 563 212 599 61
226 560 288 599 nudis
303 560 391 610 pedibus
406 560 510 611 spatiatus
525 564 546 598 et
560 563 605 598 tcto
617 571 702 610 corpore

29 628 159 682 aliquamdiu
173 629 281 669 uolutatus
295 634 333 669 est.
493 638 495 641 ’
681 624 708 669 '>

0 708 19 739 13
56 701 156 740 Militiam
167 712 242 750 resque
251 699 337 738 bellicas
352 700 416 738 semel
430 699 507 749 attigit,
518 712 585 750 neque
600 712 625 737 ex
639 699 702 738 desti-

28 775 84 819 nato,
99 770 136 809 sed
150 782 196 808 curn
212 769 239 808 ad
253 769 363 807 visendum
377 782 451 808 nemus
465 769 585 819 flumenque
599 768 702 807 Clitumni

29 840 148 879 Mevaniam
165 838 307 890 processisset,
323 838 444 877 admonitus
461 839 487 877 de
504 851 551 889 sup-
567 889 586 918 Η·
623 889 649 919 'tt
713 844 732 873 10

582 897 681 927 ismrrcry

29 910 106 961 plendo
124 921 210 947 numero
230 909 364 957 Batavorum,
384 921 435 958 quos
454 909 509 947 eirca
528 921 550 946 se
568 938 657 976 campaign

28 980 123 1028 habebat,
140 978 281 1029 expeditionis
297 977 433 1016 Germanicae
447 978 550 1027 impetum

28 1050 94 1100 cepit,
109 1061 177 1099 neque
188 1047 278 1097 distulit,
290 1048 327 1087 sed
340 1047 458 1097 legionibus
473 1051 494 1086 et
508 1048 593 1086 auxiliis
608 1049 700 1099 undique

29 1119 108 1167 excitis,
122 1118 234 1157 dilectibus
249 1117 327 1167 ubique
341 1117 474 1156 acerbissime
489 1118 548 1166 actis,
559 1122 665 1156 contracto
679 1122 701 1156 et

28 1188 95 1227 omnis
106 1187 188 1238 generis
199 1190 316 1226 commeatu
326 1190 405 1237 quanto
414 1200 528 1238 numquam
539 1191 606 1237 antea,
617 1187 657 1227 iter
671 1188 701 1225 11-
712 1195 731 1224 15

28 1271 111 1307 gressus
124 1261 156 1296 est
169 1257 301 1307 confecitque
311 1256 373 1295 modo
387 1260 430 1295 tam
444 1256 571 1295 festinanter
583 1262 607 1301 ,61
621 1257 699 1307 rapide,

28 1332 51 1366 ut
65 1326 209 1378 praetorianae
224 1325 319 1365 cohortes
334 1328 406 1365 contra
424 1338 504 1365 morem
522 1326 583 1376 signa
600 1326 700 1366 iumentis

27 1398 134 1448 imponere
144 1400 165 1435 et
175 1396 206 1435 ita
218 1396 318 1446 subsequi
332 1400 460 1445 cogerentur,
471 1397 577 1435 interdum
592 1397 643 1435 adeo
658 1409 701 1445 seg-

27 1467 83 1505 niter
93 1470 114 1505 et
124 1466 218 1515 delicate,
229 1469 254 1504 ut
267 1465 379 1515 octaphoro
389 1465 507 1515 veheretur,
517 1469 580 1516 atque
592 1478 604 1504 a
618 1466 700 1516 propin-

28 1549 114 1587 quarum
125 1535 209 1574 urbium
219 1534 279 1586 plebe
289 1534 346 1574 verri
355 1534 396 1574 sibi
405 1535 451 1574 vias
461 1538 482 1574 61
491 1535 601 1586 conspergi
614 1539 700 1587 propter
711 1544 731 1573 20

27 1607 136 1657 pulverem
146 1605 243 1654 exigeret.

7 1686 19 1717 4
54 1676 170 1726 Postquam
178 1678 247 1713 castra
257 1674 334 1723 attigit,
343 1678 367 1712 nt
377 1686 398 1712 se
409 1686 477 1713 acrem
486 1686 510 1713 10
521 1686 615 1713 severum
626 1675 700 1713 ducem

28 1745 152 1794 ostenderet,
170 1744 256 1794 legatos,
272 1743 309 1794 qui
325 1743 405 1783 auxilia
419 1743 485 1783 serius
500 1756 526 1782 ex
543 1744 631 1784 diversis
648 1744 699 1784 locis

28 1815 164 1863 adduxerant,
175 1826 221 1852 cum
232 1813 348 1863 ignominia
358 1813 439 1852 dimisit
445 1829 450 1863 3
466 1817 487 1852 at
496 1814 519 1852 in
529 1800 623 1853 enercitu
633 1826 700 1853 recen-

20 1884 98 1934 sendo,
111 1884 217 1935 plerisque
232 1883 378 1922 centurionum
392 1884 480 1923 maturis
494 1884 543 1933 iam,
557 1887 578 1922 61
592 1883 699 1923 nonnullis
710 1895 730 1924 25

28 1957 76 1994 ante
85 1954 224 2005 paucissimos
232 1967 295 2005 quam
305 1954 470 1994 consummaturi
480 1958 549 1993 essent
560 1955 610 2003 dies,
621 1955 699 2005 primos

27 2024 81 2072 pilos
92 2025 176 2073 ademit,
185 2028 282 2063 causatus
292 2024 373 2064 senium
381 2025 481 2074 cuiusque
492 2029 513 2062 et
522 2024 698 2074 imbecillitatem;

28 2080 142 2132 ceterorum
150 2094 254 2144 increpita
261 2093 382 2144 cupiditate,
389 2094 498 2133 commoda
504 2094 604 2133 emeritae
610 2094 699 2133 militiae

27 2162 54 2201 ad
64 2165 223 2203 sescentorum*
235 2164 318 2202 milium
329 2177 430 2203 summam
444 2164 524 2203 recidit.
552 2164 615 2203 Nihil
629 2167 699 2203 autem

28 2233 118 2283 amplius
135 2246 197 2284 quarn
212 2233 313 2271 Adminio
329 2233 462 2284 Cynobellini
478 2231 628 2272 Britannorum
644 2233 699 2283 regis
711 2244 730 2273 30

27 2301 77 2351 filio,
91 2302 128 2353 qui
140 2302 214 2355 pulsus
229 2315 242 2341 a
252 2306 312 2353 patre
326 2315 373 2342 cum
388 2304 464 2352 exigua
474 2316 538 2343 manu
549 2304 698 2353 transfugerat,

27 2371 50 2411 11
69 2372 197 2413 deditionem
217 2376 307 2425 recepto,
327 2373 387 2424 quasi
405 2374 503 2414 universa
521 2374 600 2414 tradita
622 2374 699 2424 insula,
