1520 2600
109 73 151 115 124
177 80 196 114 c.
213 81 316 114 suurom
329 81 481 122 rnrroumnr
494 82 527 114 rm
542 81 602 114 VITA
616 80 751 114 causarum

108 198 164 248 Tyro
179 209 248 236 secum
260 195 377 245 extulisset,
390 208 435 236 esse
447 196 470 235 in
482 197 556 235 Africa
570 196 696 236 vastissimis
709 207 758 247 spec

107 268 154 306 bus·
164 267 252 316 abditos,
269 279 293 305 ac
311 279 372 317 posse
391 266 437 305 erui
454 267 543 318 parvula
561 266 693 305 molientium
709 279 758 317 oper

107 338 186 377 Verum
195 341 219 376 ut
229 349 276 388 spes
286 336 370 386 fefellit,
378 336 498 386 destitutus,
507 340 569 387 atque
577 336 607 375 ita
614 336 656 375 iam
664 336 752 375 exhaust

108 410 129 445 et
139 419 201 456 egens
210 410 235 445 ut
245 406 350 457 stipendia
360 419 442 457 quoque
452 407 543 445 militum
555 409 576 444 et
585 406 693 445 commoda
699 409 758 445 veter

86 485 96 514 5
107 489 181 515 norum
194 476 289 528 protrahi
303 489 326 515 ac
339 476 420 525 differri
433 489 516 515 necesse
530 475 712 525 essetrcalumniis
725 488 760 515 ra

107 547 182 597 nisque
192 546 285 585 intendit
295 547 392 585 animum.

134 616 191 655 Ante
198 616 269 654 omnia
275 616 376 665 instituit,
383 620 408 655 ut
415 630 426 655 e
433 617 556 656 libertorum
564 616 708 656 defunctorum
716 617 757 656 bon

107 699 144 738 pro
155 686 241 726 semisse
251 686 339 725 dextans
349 686 369 725 ei
378 690 492 736 cogeretur,
501 686 537 737 qui
547 686 592 725 sine
602 686 706 737 probabili
715 699 760 725 cau·

260 755 377 794 eonomine
387 757 478 795 fuissent
488 769 529 807 quo
539 760 609 795 essent
618 756 673 795 ullae
683 756 760 795 famili

77 833 96 862 10
107 812 208 893 {ffing
259 838 311 876 quas
321 826 366 877 ipse
374 826 513 876 contingeret3
527 826 608 876 deinde,
616 832 640 865 ut
647 826 755 876 ingratoru

258 896 282 934 iu
300 896 417 948 principem
436 899 564 936 testamenta
582 897 609 935 ad
625 896 699 935 fiscum
714 908 760 948 perr

107 970 185 1016 nerent,
196 979 219 1006 ao
229 979 255 1005 ne
265 966 350 1017 impune
360 970 415 1006 esset
425 967 525 1006 studiosis
535 966 593 1015 iuris,
601 967 637 1017 qui
644 967 752 1017 scripsisse

106 1037 140 1075 vel
150 1037 266 1076 dictassent
276 1048 310 1086 ea3
325 1039 376 1074 tunc
388 1040 413 1075 ut
424 1036 469 1085 lege
482 1036 599 1075 maiestatis
612 1036 670 1075 facta
679 1036 750 1087 dictaq

107 1107 182 1155 omnia,
202 1105 278 1157 quibus
296 1106 358 1145 modo
378 1105 458 1144 delator
476 1119 519 1145 non
542 1107 629 1155 deesset,
648 1109 734 1145 tenerer

77 1188 95 1216 15
106 1176 222 1215 Revocavit
240 1179 261 1215 et
279 1176 373 1226 praemia
395 1188 523 1226 coronarum,
543 1189 595 1227 quae
614 1188 713 1227 umquam
736 1176 760 1215 si

106 1246 202 1285 ciuitates
221 1246 244 1284 in
262 1245 410 1286 certaminibus
434 1246 564 1286 detulissent.
602 1247 631 1285 Et
649 1258 695 1284 cum
714 1246 758 1285 inte

106 1315 195 1355 dixisset
213 1327 275 1354 usum
292 1315 431 1367 amethystini
447 1328 470 1355 ae
487 1315 547 1367 Tyrii
564 1315 645 1366 coloris,
663 1315 757 1355 summisi

107 1390 179 1436 setque
196 1386 233 1436 qui
248 1385 391 1424 nundinarum
407 1385 441 1424 die
459 1386 560 1437 pauculas
578 1386 650 1425 uncias
669 1387 759 1425 vendere

106 1455 220 1507 praeclusit
238 1443 323 1494 cunctos
342 1456 488 1505 negotiatores.
517 1456 572 1502 Quin
591 1456 654 1495 etiam
673 1455 727 1495 inter
746 1468 756 1495 c

75 1526 198 1565 acuendum
212 1525 379 1565 animadversam
395 1529 514 1565 matronam
530 1526 553 1564 in
570 1525 695 1577 spectaculis
709 1526 760 1565 vetii

106 1609 198 1647 purpura
207 1595 284 1634 cultam
295 1596 449 1635 demonstrasse
458 1596 627 1647 procuratoribus
638 1597 681 1635 suis
691 1596 757 1635 dicitu

106 1667 262 1716 detractamque
277 1665 326 1704 ilico
340 1678 382 1704 non
396 1670 454 1705 veste
469 1666 530 1705 modo
548 1667 584 1705 sed
601 1665 695 1705 ethonis
710 1666 759 1705 exui

105 1735 166 1775 Nulli
178 1735 284 1785 delegavit
296 1734 386 1775 officium
398 1740 477 1775 utnon
491 1736 594 1775 adicere-t:
609 1736 655 1775 Scis
666 1738 715 1785 quid
725 1740 754 1775 cu?

106 1819 154 1856 opus
175 1807 214 1844 sc!
236 1809 258 1844 et
277 1807 322 1845 Hoc
341 1819 430 1858 erpoinus,
449 1820 474 1846 nze
498 1810 543 1856 quis
566 1809 672 1856 quthccm
691 1808 753 1845 linceo

75 1886 94 1915 25
105 1876 188 1916 Ultimo
207 1875 293 1927 templis
311 1877 452 1928 compluribus
472 1877 527 1916 dona
546 1877 638 1916 detraxit
657 1877 760 1916 simulacr

106 1959 145 1997 que
155 1959 182 1985 ex
194 1958 244 1985 auro
257 1946 291 1985 vel
304 1951 390 1997 argento
405 1948 508 1987 fabricata
520 1947 624 1997 conflavit,
634 1947 657 1985 in
670 1947 696 1986 iis
710 1947 760 1985 Pen

56 2015 58 2017 ’
105 2017 158 2056 tium
174 2017 265 2066 deorum,
281 2030 334 2068 quae
347 2032 395 2058 mox
411 2020 478 2059 Galba
491 2019 591 2059 restituit.

132 2076 249 2126 Parricidia
258 2092 279 2127 et
289 2090 361 2129 caedes
374 2102 386 2129 a
396 2076 484 2129 Claudio
494 2103 579 2129 exorsus
589 2093 622 2129 est
628 2105 633 2140 3
648 2088 707 2128 cuius
717 2101 755 2128 nec

104 2189 181 2219 Mnrders
256 2161 296 2200 etsi
306 2174 348 2200 nou
361 2166 438 2212 auctor,
449 2166 471 2201 at
483 2161 639 2211 consciusfuit‚
654 2173 721 2212 neque
735 2159 757 2199 di

75 2234 94 2263 30
104 2239 210 2268 committed:
257 2232 385 2282 simulanter,
396 2237 420 2272 nt
430 2233 466 2284 qui
475 2234 561 2282 boletos,
569 2233 641 2284 inquo
649 2233 691 2272 cibi
700 2245 760 2282 gene·

105 2288 184 2318 claudius
256 2315 360 2341 venenum
376 2303 394 2342 is
409 2286 522 2355 acceperat,
534 2303 594 2354 quasi
607 2304 691 2342 deorum
705 2303 760 2342 cibu

104 2371 191 2423 posthac
204 2373 313 2423 proverbio
330 2373 408 2412 Graeco
423 2373 547 2412 conlaudare
563 2373 591 2412 sit
604 2372 684 2412 solitus.
714 2373 760 2413 Ger.
