1520 2600
216 51 338 97 1111111111
373 51 392 84 o.
411 51 542 85 onurouua.
685 43 713 84 45

41 171 165 218 temporum,
176 165 257 205 ermetis
266 179 305 205 neo
314 169 391 206 temere
399 166 533 217 opinantibus
542 166 659 205 reverentia
668 166 713 204 eius

42 251 65 278 ao
74 240 261 287 inetu'repressam
274 236 345 275 Tiberi
357 236 473 285 saevitiam,
484 248 537 287 quae
551 249 600 275 mox
614 235 712 286 eruperit.

21 313 32 346 7
42 305 124 346 Habuit
133 306 156 345 in
165 305 299 345 matrimonio
308 306 454 358 Agrippinam,
461 306 490 345 M.
498 305 605 357 Agrippae
615 309 636 345 et
645 305 713 345 Iuliae

42 378 113 426 filiam,
124 380 145 415 et
155 389 181 415 ex
191 388 215 415 ea
224 388 300 414 novem
309 375 385 415 liberos
396 376 457 414 tulit:
473 388 561 434 quornm
595 428 598 434 Ι
634 428 637 434 Ι

42 449 82 487 duo
94 447 187 486 infantes
201 446 273 485 adhue
283 446 345 496 rapti,
354 459 409 486 unus
423 446 466 485 iam
480 458 561 497 pueras-
578 427 692 508 ffdffidm

42 530 90 557 oens
100 516 179 567 insigni
188 514 313 564 testivitate,
321 515 379 555 ouius
388 514 477 566 effigiem
486 516 561 555 habitu

43 586 152 637 Cupidinis
166 586 189 624 in
201 586 252 625 aede
269 585 400 636 Capitolinae
416 586 504 625 Veneris
520 585 582 624 Livia
600 584 712 634 dedicavit,

42 658 150 706 Augustus
164 656 187 694 in
201 655 296 695 oubioulo
306 668 344 707 suo
354 655 449 706 positam,
458 655 596 706 quotiensque
610 655 712 703 introiret,

42 726 213 774 exosculabatur3
229 725 293 764 oeteri
303 725 426 776 superstites
436 725 491 775 patri
501 725 593 774 fuerunt,
600 728 642 763 tres
651 737 712 764 senus

41 795 145 844 feminini,
157 795 281 846 Agrippina,
295 795 396 844 Drusilla,
410 795 495 844 Liuilla,
508 795 607 833 eontinuo
621 795 713 833 triennio
723 803 743 832 10

41 870 112 915 natae,
125 865 212 904 totidem
220 860 358 914 Ι1111611161)
365 868 387 903 et
394 865 475 904 Drusus
483 868 504 904 et
512 864 533 904 O.
542 864 623 904 Caesar.
649 865 713 903 Nero·

41 948 88 974 nem
102 938 123 974 61
136 935 229 973 Drusum
241 940 326 973 senatus
339 934 423 973 Tiberio
436 934 561 973 oriminante
575 933 647 973 hostes
660 933 713 973 iudi-

42 1005 103 1044 oavit.
320 1007 322 1009 ’

20 1085 31 1116 8
68 1074 90 1113 O.
99 1074 174 1113 ansar
181 1077 243 1112 natus
251 1077 284 1112 est
290 1073 359 1124 pridie
368 1073 417 1111 Kal.
426 1073 483 1124 Sept.
491 1076 551 1124 patre
559 1085 596 1112 suo
604 1076 625 1112 61
632 1073 654 1112 G.
661 1073 713 1112 Fou-

41 1143 83 1182 teio
98 1143 200 1194 Capitone
215 1155 266 1182 ooss.
295 1144 339 1183 Ubi
354 1146 416 1182 natus
432 1143 466 1192 sit,
482 1143 585 1182 incertum
601 1143 711 1182 diversitas
723 1153 742 1183 15

41 1213 169 1268 tradentium
183 1213 241 1251 fauit.
269 1213 306 1252 Gn.
320 1212 423 1252 Lentulus
439 1212 561 1268 Gaetulicus
578 1199 704 1271 discussiones

41 1282 120 1321 Tiburi«
127 1282 222 1331 genitum
235 1282 314 1330 scribit,
325 1282 408 1321 Plinius
422 1282 528 1321 Seounclus
538 1282 560 1320 in
577 1291 596 1320 1ο
602 1290 696 1328 birtuplace

41 1352 144 1399 Treveris,
151 1351 197 1389 vieo
204 1351 337 1390 Ambitaruio
344 1364 408 1402 supra
416 1351 560 1401 Confluentes3
578 1338 654 1369 ΝΜ

41 1420 100 1459 addit
113 1420 176 1459 etiarn
190 1433 228 1471 pro
243 1424 371 1470 argumento,
385 1433 432 1459 aras
447 1420 477 1460 ibi
491 1421 574 1459 ostendi
587 1420 710 1471 inscriptas:

41 1492 64 1528 ob
82 1490 210 1540 Aprappoue
230 1492 366 1539 puerperium.
401 1490 505 1529 Versiculi
527 1475 646 1540 imperante
663 1502 742 1533 morso

41 1571 64 1597 eo
83 1558 187 1609 divulgati
206 1559 261 1610 apud
279 1559 377 1598 hibernas
396 1559 489 1608 legiones
509 1548 641 1611 procreatum
659 1559 713 1598 indi-

41 1631 100 1666 eant:

723 452 733 480 5

143 1711 170 1752 In
180 1715 325 1762 austronotus,
332 1716 409 1763 patriis
418 1716 612 1763 111111111111111111111,

145 1830 151 1841 Ι
179 1784 226 1822 loro
235 1785 564 1833 clesiqnotlprincipisomeaerctt.
595 1800 597 1802 ¹

40 1905 85 1954 Ego
97 1905 121 1943 in
136 1893 188 1944 antis
203 1905 255 1944 Anti
271 1906 350 1956 editum
363 1906 453 1946 invenio.
482 1907 616 1955 Gaetulicum
631 1907 711 1947 refellit
722 1917 741 1946 25

40 1974 123 2015 Plinius
138 1974 199 2030 quasi
214 1976 327 2015 mentitum
341 1990 379 2028 per
394 1966 542 2026 adulationem,
558 1980 582 2016 ut
597 1978 624 2017 ad
639 1978 711 2017 laudes

40 2043 122 2084 iuvenis
132 2045 259 2096 gloriosique
269 2046 370 2103 prinoipis
383 2046 465 2097 aliquid
477 2047 540 2086 etiam
555 2060 580 2087 ex
594 2048 645 2087 urbe
659 2048 712 2087 Her·

41 2113 83 2152 111111
93 2109 151 2154 saera
161 2120 258 2164 sumeret,
269 2116 399 2167 abusumque
409 2116 520 2157 audentius
531 2117 644 2167 mendaoio,
655 2119 711 2169 quod

41 2187 89 2223 aute
103 2198 181 2224 anuum
197 2187 318 2225 serenatus
335 2186 458 2225 Germanico
473 2186 531 2236 filius
546 2187 620 2238 Tiburi
634 2188 710 2237 fuerat,

27 2248 158 2304 'appellatus
173 2258 194 2295 et
208 2254 252 2306 ipse
267 2255 289 2295 (l.
304 2255 391 2302 Caesar,
406 2256 432 2294 de
445 2256 504 2295 ouius
519 2256 605 2296 amabili
620 2257 712 2307 pueritia
722 2267 741 2296 ao

42 2322 194 2377 immaturoque
204 2324 263 2364 obitu
273 2337 336 2377 supra
346 2324 443 2366 diximus.
472 2325 567 2365 Plinium
578 2326 648 2377 arguit
657 2326 711 2367 ratio
