1520 2600
195 73 270 105 nrssnr
286 73 309 105 v.
343 71 418 104 orvus
434 48 564 105 ensurius,
689 65 716 108 77
743 62 745 65 ’

46 188 114 229 obviis
124 187 240 228 scribarum
249 187 345 237 decuriis,
356 189 383 227 ad
396 188 469 227 urbem
481 188 591 226 devectum
604 188 716 240 sepultum·
740 176 748 196 x

46 271 86 310 que
96 262 128 298 est
137 259 160 297 in
169 271 242 310 campo
252 258 335 304 Martio.
364 258 458 298 Ceterum
470 257 573 297 exercitus
582 258 717 298 honorarium

47 329 66 369 ei
75 326 179 369 tumulum
190 329 295 378 excitavit,
306 328 361 367 circa
373 341 435 379 quern
448 329 546 380 deinceps
560 332 615 368 stato
625 329 659 368 die
669 342 717 380 quo

45 400 116 440 tannis
133 400 193 439 miles
210 399 329 438 decurreret
348 398 507 450 Galliarumque
524 398 620 439 civitates
633 400 716 451 publice

18 454 19 458 Ἰ
46 470 195 522 supplicarent.
225 459 337 509 Praeterea
357 473 442 524 senatus
466 468 522 508 inter
537 459 588 509 'alia
609 470 736 522 complura5

46 554 182 581 marmoreum
198 540 268 580 uicum
283 552 330 579 cum
344 533 435 591 tropaeis
448 540 491 579 Via
504 539 574 591 Appia
587 541 679 580 decrevit
695 545 716 580 et

47 611 166 667 Germanici
175 623 288 661 cognomen
298 610 340 661 ipsi
349 610 479 661 posterisque
489 610 540 650 eius.
564 611 638 651 Fuisse
646 615 715 651 autem

9 691 11 694 ·
43 681 137 721 creditur
146 695 189 721 uon
198 682 267 720 minus
278 681 363 731 gloriosi
375 693 438 731 quam
445 674 520 720 civilis
535 681 611 731 animi;
625 694 675 721 nam
681 688 683 692 ’
690 695 715 721 ex

45 752 105 792 hoste
120 734 182 803 super
193 751 290 807 victorias
305 751 375 803 opima
384 763 467 802 quoque
477 751 545 802 spolie
557 756 652 803 captasse
663 765 716 792 surn-

45 835 121 876 moque
136 823 219 874 saepius
234 819 431 861 discrimineuuces
447 822 599 861 Germanorum
612 826 657 862 tota
671 823 715 862 acie
726 833 746 862 10

45 893 170 943 insectatus3
188 905 226 932 nec
243 886 387 931 dissimulasse
402 905 501 942 umquam
518 887 632 943 pristinum
648 905 669 932 se
684 893 715 932 rei

45 963 140 1014 publicae
153 967 238 1013 statum,
249 963 373 1017 quaudoque
384 966 461 1013 posset,
471 962 623 1002 restituturum.
652 964 715 1003 Unde

45 1033 143 1072 existimo
158 1033 271 1072 nonnullos
290 1034 372 1072 tradere
389 1045 456 1083 ausos,
474 1026 593 1083 suspectum
610 1046 657 1072 eum
673 1034 715 1072 Au-

45 1107 105 1153 gusto
122 1107 282 1153 reuocatumque
298 1093 449 1153 ex‘provincia
468 1106 490 1142 et
507 1095 559 1160 quia
575 1107 713 1153 cunctaretur,

45 1173 184 1224 interceptum
199 1185 283 1212 veneno.
313 1173 371 1229 Quod
388 1173 484 1223 equidem
501 1173 568 1222 magis
583 1186 609 1211 ne
625 1177 745 1225 praeter-15

45 1243 151 1282 mitterem
160 1243 239 1300 rettuli,
250 1255 311 1292 quam
323 1242 372 1293 quia
379 1255 452 1281 verum
462 1246 498 1281 aut
506 1243 550 1282 veri
557 1242 626 1282 simile
635 1247 713 1295 putem,

45 1325 92 1366 curn
101 1312 209 1362 Augustus
219 1305 352 1363 tanto'opere
366 1316 387 1352 et
397 1312 468 1367 rivum
484 1312 587 1363 dilexerit,
597 1316 621 1352 ut
634 1313 715 1367 colrere-

45 1383 92 1422 dem
108 1394 190 1434 semper
204 1382 255 1421 filiis
271 1382 395 1438 instituerit,
411 1383 466 1422 sicut
482 1378 586 1433 quondam
601 1383 623 1421 in
641 1387 715 1423 senatu
747 1421 749 1424 Α

44 1453 152 1503 professus
164 1456 202 1501 est,
213 1456 234 1491 et
247 1452 370 1499 defunctrun
384 1452 415 1491 ita
428 1445 576 1508 pro‘contione
589 1453 714 1502 laudaverit,

44 1526 68 1562 ut
78 1523 127 1576 deos
138 1526 235 1573 precatus
245 1522 279 1571 sit,
290 1524 365 1589 strodere
375 1525 393 1575 ei
404 1521 500 1562 caesares
510 1536 557 1562 suos
561 1521 659 1572 facerent,
669 1525 715 1563 sior·-
725 1533 745 1562 20
757 1553 759 1556 >

44 1605 81 1642 quc
91 1599 132 1631 turn
142 1594 245 1646 honestant
253 1594 373 1641 qucurdcqae
383 1595 457 1631 cedunt
467 1595 539 1631 dorent
546 1606 607 1642 quoru
615 1595 645 1632 illi·
651 1596 715 1632 dedis-

44 1668 91 1701 sent.
119 1663 165 1701 Nec
178 1665 287 1701 contentus
300 1662 391 1711 elogium
404 1648 485 1701 tumulo
500 1662 548 1702 eius·
557 1661 651 1702 versibus
666 1675 679 1701 a
693 1675 714 1703 se

44 1732 165 1783 compositis
174 1732 316 1782 insculpsisse‚
327 1731 391 1771 etiam
400 1731 458 1771 vitae
470 1732 592 1771 memoriam
601 1746 663 1784 prosa
673 1746 715 1772 ora-

43 1802 101 1841 tione
110 1801 232 1857 composuit.
392 1794 393 1800 ¹
676 1801 678 1805 “

71 1873 104 1910 Ex
119 1872 213 1911 Antonia
227 1871 307 1910 minore
321 1872 442 1923 complures
457 1872 541 1922 quidem
566 1873 643 1912 liberos
658 1873 714 1930 tulit,
726 1885 746 1914 25

43 1954 116 1981 verum
137 1945 180 1981 tres
202 1941 287 1980 omnino
309 1941 404 1995 reliquit:
432 1942 584 1993 Germanicum,
608 1942 714 1992 Liviliam,

44 2012 161 2051 Claudium.
215 2020 219 2026 ·

17 2088 34 2122 ’2
71 2082 171 2122 Claudius
181 2085 243 2121 natus
252 2085 284 2121 est
292 2081 350 2120 -Iulio
359 2081 459 2131 Antonio,
466 2081 532 2122 Fabio
540 2082 641 2133 Africano
648 2095 714 2123 conss.

4 2142 32 2208 χζ,
43 2152 79 2191 Kl.
90 2152 144 2202 Aug.
155 2152 273 2202 Luguduni,
284 2165 308 2190 eo
317 2152 364 2203 ipso
377 2151 411 2190 die
422 2165 463 2203 quo
472 2153 564 2204 primum
581 2182 630 2211 Bm
636 2182 669 2211 and

12 2211 17 2226 i
39 2210 79 2261 ara
97 2221 127 2261 iti
147 2222 243 2271 Augusto
262 2221 359 2261 dedicata
376 2224 418 2271 est,
437 2222 564 2273 appellatus·
581 2230 691 2268 earlyufeof
726 2231 746 2261 30

44 2304 84 2342 que
98 2290 194 2330 Tiberius
205 2291 305 2330 Claudius
318 2292 406 2330 Drusus.
434 2292 486 2330 Mox
498 2292 564 2331 fratre

43 2362 121 2401 maiore
135 2362 158 2400 in
174 2361 251 2401 Iuliam
266 2361 370 2401 familiam
385 2362 490 2414 adoptato,
509 2362 628 2405 Germanici
644 2375 717 2413 cogno-

581 2280 661 2325 Claudius
