1520 2600
39 154 81 198 104
107 162 126 196 c.
143 162 247 196 sunreur
260 163 413 204 1111001111
426 163 458 195 nn
471 136 532 196 11111
546 156 684 202 cussinum

38 290 115 327 quoquc
134 280 156 315 c'n
171 279 224 328 fertis
242 290 283 316 csse
302 264 390 317 iactavit
406 280 476 317 crrrntu
492 280 653 327 r'rnpudtcu,·sed
669 291 709 339 nen

38 350 297 397 1111111111111111111111111011111,Ι
312 352 334 386 11
348 347 437 387 subinde
452 348 536 387 obvium
551 348 591 387 sibi
604 347 709 387 Britanni-

38 431 86 456 cum
93 418 159 472 artius
167 418 287 469 complexus
295 418 392 457 hortatus
401 421 438 467 est,
445 425 467 457 ut
474 424 566 457 cresceret
573 421 709 468 rationemque

38 502 51 527 11
61 501 80 527 se
88 491 179 527 0111111111
184 491 287 538 ficctcmun
297 491 405 538 (reciperet,
420 489 500 528 Graeca
508 489 595 539 insuper
604 501 654 528 voce
664 502 708 540 pro·
722 500 723 506 ¹

8 572 17 600 5
38 563 132 598 secutus:
149 562 159 598 ὁ
169 560 242 611 τρώσας
253 561 282 598 καὶ
292 562 368 599 ἰάσεται.
397 560 491 610 Cumque
503 559 584 611 impubi
596 563 708 610 teneroque

38 630 111 679 adhuc,
123 630 207 681 quando
220 633 301 669 statura
312 630 450 681 permitteret,
463 635 533 680 togam
547 630 596 668 dare
609 629 710 668 destinas-

38 703 75 749 set,
86 700 172 739 adiecit:
189 701 301 740 Uttuudern
309 702 397 750 populus
407 701 513 739 Rotuunus
522 713 591 739 uerum
603 700 709 740 Caesarem

38 772 113 809 habeut.
137 770 353 821 Nonmultoquepost
359 774 507 809 testamentum
514 771 578 809 etiam
585 771 709 821 conscripsit
718 775 743 807 44

38 854 149 900 Poisoneu'at
189 852 213 878 ac
226 840 292 889 signis
302 841 395 879 omnium
409 841 569 890 magistratuum
583 840 707 893 obsignavit,

8 921 27 949 10
37 917 168 958 instigationes
189 910 251 948 Prius
263 910 328 959 igitur
338 923 401 961 quam
411 910 467 949 ultra
476 911 641 961 progrederetur,
652 922 710 960 prae-

38 968 131 1007 Agrippina
189 984 265 1019 ventus
277 984 309 1018 est
322 981 348 1019 ab
359 980 482 1031 Agrippina,
494 993 556 1030 quam
566 985 648 1031 praeter
658 981 709 1019 haec

38 1040 166 1089 conscientia
175 1062 263 1100 quoque,
273 1062 311 1089 nec
320 1050 390 1089 minus
401 1050 504 1089 delatores
516 1050 630 1089 multorum
643 1050 709 1089 crimi-

38 1133 86 1158 num
98 1120 217 1169 arguebant.

64 1191 93 1228 Et
102 1202 182 1229 veneno
192 1191 276 1240 quidem
287 1191 378 1230 occisum
388 1190 486 1229 convenit
492 1207 497 1241 3
511 1191 548 1230 ubi
558 1195 625 1229 autem
638 1194 659 1229 et
672 1203 709 1242 per

8 1275 26 1304 15
39 1272 99 1310 quem
109 1260 164 1309 dato,
176 1260 285 1311 discrepat.
315 1260 404 1306 Quidam
416 1261 508 1310 tradunt,
519 1260 614 1312 epulanti
626 1261 649 1299 in
663 1273 708 1300 arce

39 1343 86 1369 cum
103 1329 244 1369 sacerdotibus
263 1343 300 1381 per
316 1331 419 1369 Halotum
438 1331 552 1381 spadonem
568 1335 709 1382 praegustato-

38 1413 93 1450 rem,
113 1400 155 1449 alii,
174 1400 287 1448 domestico
306 1400 402 1439 0011111110
420 1413 457 1451 per
475 1400 544 1452 ipsam
562 1400 708 1458 Agrippinam,

38 1483 91 1520 quae
101 1471 194 1508 boletum
203 1470 330 1509 medicatum
343 1470 465 1509 avidissimo
480 1471 572 1510 ciborum
586 1470 661 1509 talium
676 1471 709 1510 ob-

38 1540 121 1579 tulerat.
141 1560 143 1562 ·
159 1540 228 1578 Etiam
252 1540 278 1578 de
299 1540 473 1591 subsequentibus
493 1540 576 1579 diversa
594 1540 651 1579 fama
670 1544 707 1580 est.

8 1618 27 1647 ro
38 1610 103 1649 Multi
117 1610 189 1649 statim
204 1609 279 1649 hausto
293 1622 372 1649 veneno
387 1610 515 1649 obmutuisse
530 1605 595 1660 aiunt,
608 1611 709 1649 excrucia-

38 1685 125 1731 tumque
147 1680 252 1719 doloribus
273 1685 333 1719 nocte
354 1684 399 1719 tota
422 1680 524 1720 defecisse
547 1693 611 1732 prope
634 1681 707 1720 lucem.
746 1710 748 1712 »

38 1751 142 1790 Nonnulli
158 1751 213 1789 inter
228 1750 290 1789 initia
306 1750 443 1801 consopitum,
459 1751 535 1790 deinde
551 1751 597 1790 cibo
611 1751 709 1790 affluente

38 1821 155 1861 euomuisse
167 1822 242 1871 onmia,
255 1821 409 1872 repetitumque
423 1821 499 1871 toxico,
509 1821 612 1860 incertum
626 1821 708 1873 pultine

38 1893 116 1941 addite,
134 1905 180 1931 cum
197 1892 256 1931 uelut
272 1892 396 1931 exhaustum
413 1892 471 1930 refici
490 1892 535 1931 cibo
555 1895 665 1943 oporteret
681 1904 708 1931 an

7 1973 27 2002 25
38 1963 132 2002 immisso
140 1975 176 2014 per
186 1962 282 2014 clystera,
290 1966 314 2001 ut
324 1962 384 2013 quasi
394 1962 522 2002 abundantia
531 1961 636 2001 laboranti
645 1962 709 2004 etiam
754 1994 755 1997 ,

188 2034 228 2072 hoc
245 2046 319 2083 genere
334 2033 448 2084 egestionis
466 2032 616 2072 subveniretur.
650 2033 708 2071 Mors
718 2041 743 2073 45

189 2104 233 2144 eius
246 2104 312 2143 celata
323 2109 361 2154 est,
372 2104 437 2144 donec
449 2104 504 2144 circa
515 2117 654 2145 suscessorem
669 2116 710 2142 om-

188 2174 224 2213 nia
234 2175 385 2214 ordinarentur.
414 2175 490 2225 ltaque
500 2178 521 2213 et
530 2175 591 2226 quasi
600 2188 638 2226 pro
648 2187 709 2224 aegro

39 2246 107 2286 adhuc
122 2249 171 2284 vota
185 2250 281 2297 suscepta
296 2249 350 2295 sunt,
366 2249 387 2284 et
402 2245 483 2285 inducti
500 2258 537 2297 per
554 2246 710 2286 simulationem

9 2317 138 2365 300011101111,
154 2316 190 2367 qui
206 2316 265 2355 velut
282 2316 435 2356 desiderantem
451 2316 584 2356 oblectarent.
612 2316 710 2356 Excessit

40 2387 76 2426 ΠΙ
89 2386 290 2426 11101101111111110
303 2386 409 2439 Marcello,
423 2386 491 2425 Acilio
503 2386 580 2426 Aviola
591 2399 642 2426 coss
654 2399 710 2426 sexa-

41 2458 119 2508 gesimo
129 2461 203 2508 quarto
213 2457 294 2506 aetatis,
304 2456 388 2507 imperii
401 2460 475 2507 quarto
487 2457 567 2496 decimo
581 2470 641 2506 anno,
652 2457 711 2496 fune-

38 2088 94 2118 Death

39 2137 126 2169 concertet
