1520 2600
237 71 311 102 uranu
327 70 377 102 in.-
395 70 516 102 stennius.
686 61 713 102 29

9 194 33 226 5³
69 186 152 225 Nurum
162 185 308 236 Agrippinam,
319 188 367 235 post
377 184 448 223 mariti
458 188 546 223 mortem
558 182 645 223 liberius
655 183 714 234 quid-

43 257 91 295 dam
102 258 202 305 questam,
213 267 276 293 manu
286 253 425 305 apprehendit
435 254 556 304 Graecoque
565 266 628 292 versu
638 253 664 292 Sl
672 266 713 292 aori

43 328 160 374 coronaris,
171 324 245 375 iuquit,
254 326 327 374 filiolo,
337 326 437 362 latorium
446 329 464 362 le
474 326 562 372 occurere
578 350 609 380 ffis
617 351 707 389 daughter-

43 396 158 435 cursiones?
177 407 215 433 nec
230 393 275 432 ullo
290 406 338 432 mox
353 406 447 433 sermone
462 392 560 444 dignatus
578 400 637 431 in-law
643 399 703 439 Agrip

42 469 79 505 est.
108 465 214 510 Quondam
225 476 274 502 vero
287 463 342 502 inter
355 475 427 502 cenam
441 467 536 514 porrecta
549 476 561 502 a
578 450 618 488 ΡΜ

42 548 64 574 se
73 547 135 585 poma
144 537 227 583 gustare
237 546 279 572 non
289 546 361 573 ansam
373 533 437 572 etiam
447 545 520 572 uocare
530 533 600 581 desiit,
611 533 711 573 simulans

41 604 117 643 veneni
130 616 152 643 se
165 603 251 641 crimine
264 602 352 651 accersi;
370 616 417 642 cum
431 606 585 653 praestructum
598 606 711 653 utrumque

41 673 136 714 consulto
149 677 209 721 esset,
220 675 244 711 ut
256 676 277 711 et
288 672 333 723 ipse
343 672 461 723 temptandi
473 672 541 722 gratia
549 673 634 711 offerret
643 676 664 710 et
673 672 712 711 illa

42 744 102 795 quasi
122 743 262 781 certissimum
279 742 367 788 exitium
384 745 471 780 careret.
499 741 620 781 Novissime
636 742 712 781 calum-

41 812 111 851 niatus
131 812 192 850 modo
212 812 239 850 ad
259 815 349 851 statuam
369 811 461 861 Augusti
480 811 541 850 modo
561 811 588 849 ad
607 811 711 851 exercitus
722 821 741 851 10

42 882 152 930 confugere
171 881 231 930 velle,
250 881 399 920 Pandatariam
417 881 525 930 relegarit,
543 881 711 939 conuiciantique

41 952 123 989 oculum
141 963 178 1001 per
197 950 338 989 centurionem
357 950 477 989 verberibus
496 950 594 989 excussit,
628 950 710 990 Rursus

723 475 733 504 5

40 1020 93 1059 mori
111 1020 183 1059 inedia
201 1020 322 1069 destinanti,
339 1033 376 1071 per
392 1020 436 1058 rim
455 1032 489 1058 ore
506 1020 597 1070 diducto,
614 1020 711 1059 infulciri

41 1089 110 1128 cibum
124 1089 191 1128 iussit.
221 1090 297 1129 Sedet
313 1093 481 1141 perseverantem
500 1092 562 1140 atque
580 1089 612 1128 ita
630 1090 711 1129 absum-

41 1162 99 1209 ptam
117 1158 288 1198 criminosissime
307 1159 421 1198 insectatus
438 1162 476 1208 est,
492 1171 539 1197 oum
555 1159 611 1197 diem
628 1172 710 1210 quoque
721 1167 740 1196 15

41 1228 132 1266 natalem
150 1229 194 1267 eius
209 1229 264 1267 inter
278 1229 372 1267 nefastos
387 1228 521 1267 referendum
535 1229 641 1268 suasisset.
670 1229 711 1267 Im-

41 1298 124 1348 putauit
133 1298 202 1347 etiam,
212 1299 266 1348 quod
273 1311 316 1336 non
325 1298 399 1349 laqueo
407 1298 558 1348 strangulatam
566 1299 589 1336 in
597 1299 709 1338 Gemonias

41 1366 148 1417 abiecerit,
164 1380 242 1418 proque
252 1367 292 1406 tali
304 1367 416 1406 clementia
426 1367 533 1418 interponi
546 1368 650 1406 decretum
665 1381 710 1419 pas-

41 1449 75 1475 sus
92 1441 129 1486 est,
146 1450 187 1487 quo
202 1436 243 1476 sibi
260 1437 339 1487 gratiae
356 1440 467 1487 agerentur
484 1441 505 1476 et
524 1437 644 1488 Capitolino
662 1438 710 1477 Iovi

41 1506 117 1544 donum
127 1519 154 1544 ex
162 1508 213 1545 auro
223 1509 344 1545 sacraretur.
720 1513 739 1543 20

6 1582 31 1615 54
67 1575 120 1614 dum
129 1588 155 1614 ex
165 1576 289 1615 Germanico
300 1579 344 1615 tres
355 1579 448 1627 nepotes,
461 1577 566 1615 Neronem
582 1580 603 1615 et
617 1578 708 1617 Drusum

40 1647 61 1682 et
74 1645 155 1694 Gaium,
166 1658 192 1683 ex
204 1646 274 1683 Druso
287 1658 352 1683 unum
366 1645 473 1684 Tiberium
487 1646 579 1694 haberet,
595 1646 709 1686 destitutus

40 1716 106 1753 morte
115 1714 227 1754 liberorum
238 1714 340 1753 maximos
347 1718 399 1753 natu
407 1715 432 1754 de
440 1715 559 1754 Germanici

412 1784 416 1791 .
546 1785 549 1791 .
575 1759 605 1790 His
616 1761 709 1798 grandsons

39 1782 96 1833 lilns,
106 1785 210 1823 Neronem
221 1788 243 1823 et
254 1785 352 1834 Drusum,
363 1785 458 1835 patribus
471 1797 559 1824 conscri-

39 1853 82 1902 ptis
96 1853 250 1892 commendavit
264 1853 361 1904 diemque
375 1853 485 1904 utriusque
498 1854 592 1893 tirocinii
603 1854 708 1905 congiario
719 1864 738 1894 25

39 1920 108 1972 plebei
123 1923 172 1962 dato
187 1923 305 1962 celebravit.
335 1923 376 1962 Sed
391 1927 415 1962 ut
430 1923 536 1974 comperit,
552 1924 638 1963 ineunte
654 1937 708 1963 anno

39 2003 76 2041 pro
90 2005 160 2031 eorum
173 2005 255 2044 quoque
267 1993 335 2032 salute
344 1993 428 2044 publice
437 1997 486 2032 vota
496 1998 597 2045 suscepta,
608 1994 652 2044 egit
662 2006 708 2032 oum
746 2022 753 2025 -

40 2066 118 2112 senatu,
136 2051 176 2102 noa
193 2066 262 2103 debere
277 2066 329 2104 tolio
343 2066 439 2114 procacio
455 2065 516 2102 tribul
533 2066 574 2102 alsi
590 2066 675 2113 ceperas
691 2069 710 2103 et

39 2139 101 2191 detecte
113 2137 225 2184 provectis:
246 2139 308 2186 atque
324 2147 349 2173 ex
365 2147 394 2183 eo,
410 2134 516 2185 patefacta
530 2134 629 2173 interiore
644 2134 709 2173 animi

40 2203 72 2241 sui
79 2208 134 2254 nota,
142 2205 233 2244 omnium
243 2204 423 2244 criminationibus
431 2204 530 2244 obnoxios
538 2204 636 2253 reddidit,
643 2204 709 2253 varia·
719 2213 739 2244 30

40 2284 79 2322 que
93 2275 167 2314 fraude
181 2274 284 2325 inductos,
299 2278 323 2313 ut
338 2278 359 2314 et
373 2275 526 2314 concitarentur
541 2275 567 2314 ad
581 2275 675 2314 convicia
688 2277 709 2313 et

39 2343 137 2383 concitati
151 2345 295 2395 proderentur,
310 2344 417 2383 accusavit
430 2357 467 2395 per
481 2344 564 2384 litteras
579 2344 709 2384 amarissime
