1520 2600
221 104 346 138 11111111.
382 103 502 136 munimus.
671 91 698 132 21

28 222 55 262 ad
71 215 150 260 certum
168 232 278 259 numerum
295 219 391 258 redactis.
422 205 582 258 vCorinthiorum
600 229 698 256 rasorum

27 292 96 343 pretia
111 290 134 328 in
149 291 274 329 immensum
292 289 395 328 exarsisse
410 292 496 340 tresque
514 287 591 326 mullos
610 286 699 337 triginta

28 362 113 401 milibus
127 360 330 407 nummumvenisse
345 360 436 409 graviter
450 371 548 411 conques-

27 437 68 490 tus,
79 431 220 475 adhibendum
230 430 357 482 supellectili
371 430 455 469 modum
465 429 547 469 censuit
564 421 694 502 Ξξῗζέἕὲηὓθ

28 514 172 553 annonamque
183 500 265 541 macelli
279 504 364 541 senatus
374 500 478 540 arbitratu
488 504 547 551 quot·
709 507 719 537 5

28 573 88 612 annis
112 572 274 623 temperandam,
300 571 349 610 dato
371 570 474 610 aedilibus
502 571 586 622 negotio
610 570 698 623 popinas

27 656 145 694 ganeasque
159 655 226 693 usqne
239 655 263 681 eo
274 641 390 691 inhibendi,
403 645 428 680 ut
441 654 468 680 ne
482 654 545 693 opera
559 643 643 693 quidem
658 642 698 693 pis-

27 714 81 754 toria
93 712 182 765 proponi
194 711 278 752 venalia
290 712 388 752 sinerent.
416 713 445 751 Et
459 716 484 751 ut
499 713 648 763 parsimoniam
662 726 698 764 pu-

27 785 103 834 blicam
118 783 213 834 exemplo
228 794 310 834 quoque
327 782 415 832 iuvaret,
430 782 566 822 sollemnibus
580 783 627 834 ipse
641 784 697 822 cenis

27 854 124 905 pridiana
131 866 192 905 saepe
202 865 226 891 ac
236 865 316 892 semesa
323 851 409 892 obsonia
416 852 515 903 apposuit
523 838 698 904 dimidiatumque
709 863 728 893 10

27 915 106 975 aprum,
117 923 227 972 affirmans,
238 925 307 961 occario
316 925 386 961 ecdem
395 924 472 972 lactere,
483 936 534 972 qrroe
543 929 610 962 totum.

54 994 165 1034 Cotidiana
175 993 245 1032 oscula
255 993 323 1031 edicto
333 992 448 1043 prohibuit,
456 993 508 1031 item
518 997 636 1032 strenarum
646 1007 698 1033 11111-
748 989 750 992 ’

15 1061 126 1103 Ι1111111111
137 1075 164 1102 ne
175 1062 231 1102 ultra
242 1062 291 1102 Kal.
302 1062 346 1102 Ian.
358 1065 493 1102 exerceretur.
524 1064 639 1103 Oonsuerat
650 1077 698 1115 qua

27 1134 123 1185 druplarn
142 1132 240 1182 strenam,
256 1136 277 1171 et
296 1132 322 1171 de
341 1145 410 1182 manu,
429 1133 527 1184 reddere,
551 1134 587 1173 sed
606 1134 697 1174 offensus

27 1202 157 1254 interpellari
172 1215 194 1242 se
206 1206 251 1242 toto
262 1215 334 1242 mense
347 1202 412 1241 abiis
426 1203 463 1253 qui
475 1207 601 1254 potestatem
616 1204 649 1243 sui
663 1205 698 1243 die
709 1215 728 1244 15

0 1291 17 1312 ¹a
27 1274 81 1312 testo
91 1285 133 1312 non
142 1272 271 1321 habuissent,
281 1272 339 1312 ultra
349 1285 392 1311 non
401 1272 457 1311 tulit.
486 1273 595 1313 llatronas
609 1278 699 1325 prostra-

27 1346 61 1381 tae
70 1342 190 1393 pudicitiae,
201 1342 276 1393 quibus
288 1346 396 1392 accusator
408 1342 505 1393 publicus
519 1343 606 1393 deesset,
617 1348 641 1383 ut
653 1356 698 1396 pro

27 1413 101 1463 pinqui
110 1425 167 1452 more
177 1412 279 1451 maiorum
289 1412 315 1451 de
325 1412 430 1451 communi
442 1413 547 1452 sententia
590 1427 592 1430 ’

27 1486 144 1521 coercerent
154 1486 226 1522 auctor
233 1482 280 1521 fuit.
309 1482 384 1533 Equiti
392 1483 487 1522 Romano
494 1483 546 1522 iuris
564 1467 673 1548 ξέζέᾚῖἶὲ

26 1552 109 1591 iurandi
121 1552 210 1603 gratiam
223 1552 281 1601 fecit,
290 1564 377 1591 uxorem
390 1552 414 1590 in
428 1556 500 1604 stupro
515 1566 547 1603 ge·
709 1563 728 1593 20

26 1623 71 1660 neri
85 1625 213 1673 compertam
227 1621 350 1672 dimitteret,
361 1635 424 1673 quam
439 1635 461 1661 se
475 1636 589 1673 numquam
603 1624 699 1675 repudia·

26 1696 97 1730 turum
107 1696 155 1731 ante
164 1692 275 1731 iuraverat.
303 1692 403 1731 Feminae
412 1691 511 1742 famosae,
518 1698 543 1732 ut
552 1694 579 1731 ad
589 1694 697 1734 evitandas

27 1760 96 1811 legum
106 1774 183 1812 poenas
197 1761 242 1800 iure
255 1773 279 1800 ac
292 1761 396 1810 dignitate
408 1763 520 1801 matronali
534 1763 697 1813 exsolverentur,

27 1830 153 1870 lenocinium
163 1831 257 1883 profiteri
270 1835 386 1882 coeperant,
397 1835 418 1870 et
429 1845 455 1871 111
467 1832 576 1872 iuuentute
588 1834 698 1885 utriusque

28 1901 106 1941 ordinis
124 1901 308 1953 profligatissimus
330 1902 425 1953 quisque,
445 1914 486 1953 quc
505 1902 575 1942 minus
594 1903 617 1941 in
636 1913 728 1955 operam
753 1919 755 1923 ’

28 1983 113 2010 scaenae
128 1971 259 2022 harenaeque
276 1971 356 2010 edenda
372 1975 456 2012 senatus
473 1972 569 2011 consulto
585 1976 697 2023 teneretur,
743 1960 746 1968 ἐ

27 2041 103 2081 famosi
112 2041 186 2081 iudicii
195 2046 266 2081 notam
277 2044 351 2093 sponte
361 2042 472 2091 subibant,
486 2055 521 2082 eos
532 2054 607 2094 easque
620 2055 697 2093 omnes,

27 2124 53 2150 ne
68 2114 123 2163 quod
136 2113 242 2163 refugium
256 2113 279 2151 in
292 2112 332 2151 tali
345 2113 421 2152 fraude
435 2113 533 2164 cuiquam
548 2116 608 2163 esset,
624 2113 698 2153 exsilio

28 2182 111 2236 adfecit.
142 2184 237 2223 Seuatori
251 2184 318 2222 latum
332 2183 413 2223 clavum
429 2184 513 2234 ademit,
524 2197 572 2222 cum
583 2187 697 2233 cognosset,

28 2252 66 2290 sub
77 2244 126 2292 Kal.
137 2254 177 2292 Iul.
189 2253 315 2302 demigrasse
328 2253 351 2291 in
364 2253 441 2302 hortos,
452 2265 493 2304 quo
503 2253 566 2292 vilius
579 2258 628 2305 post
642 2254 697 2292 diem
709 2262 729 2292 30

28 2321 88 2361 aedes
103 2323 125 2361 in
139 2324 190 2362 urbe
204 2323 333 2362 conduceret.
362 2322 435 2361 Alium
448 2328 469 2362 et
480 2327 593 2373 quaestura
602 2324 697 2373 removit,

28 2391 83 2439 quod
95 2404 182 2431 uxorem
196 2391 265 2443 pridie
279 2392 410 2431 sortitionem
424 2392 509 2432 ductam
523 2392 625 2444 postridie
640 2406 699 2446 repu-
