1520 2600
58 97 86 140 52
110 104 129 138 o.
145 104 250 138 surroru
265 104 417 144 ranuoumur
432 104 465 136 rm
481 104 542 136 rrrn
558 104 692 137 onusrauu

57 222 86 259 Et
99 224 123 259 ut
135 219 238 259 laetitiam
251 219 356 271 publicam
370 219 392 257 in
403 223 528 271 perpetuum
541 231 623 270 quoque
636 224 727 270 augeret,

58 291 134 330 adiecit
144 291 199 329 diem
210 289 355 329 Saturnalibus
365 289 523 340 appellavitque
533 289 659 328 Iuvenalem.

85 362 174 399 ltlunera
185 360 315 410 gladiatoria,
325 359 401 411 partim
413 359 435 397 in
445 359 600 410 amphitheatro
610 360 675 398 Tauri
684 373 728 412 par-
738 368 759 400 1:

57 432 97 470 tim
110 431 133 469 in
148 430 237 481 Saeptis,
252 430 332 480 aliquot
347 429 421 478 edidit⁷
436 429 512 480 quibus
528 429 618 468 inseruit
634 434 728 470 catervas

38 506 47 535 5
58 530 88 560 His
96 529 159 568 grauia·
209 500 310 539 Afrorum
324 500 519 558 Campanorumque
530 500 625 551 pugilum
639 513 664 538 ex
674 504 729 539 utra-

57 577 178 609 toriarexnmi-
210 583 250 622 que
268 570 352 620 regione
371 569 551 609 electissimorum.
579 571 654 621 Neque
673 584 728 622 speo-

57 629 103 658 tions
209 641 285 680 taculis
298 653 379 691 semper
391 640 436 691 ipse
449 640 561 691 praesedit,
573 641 609 679 sed
621 641 728 680 interdum

58 717 94 752 aut
104 711 261 762 magistratibus
271 714 307 750 aut
317 710 389 750 amicis
399 710 534 762 praesidendi
543 724 618 750 munus
628 711 726 750 iniunxit.

59 783 167 823 Scaenicos
175 783 235 821 ludos
246 785 267 820 et
276 781 360 821 assidue
371 785 391 820 et
401 781 455 820 uarii
465 781 547 832 generis
557 794 581 821 ac
588 782 727 821 multifariam

29 863 47 892 10
58 854 115 903 fecit,
122 853 227 904 quondam
237 856 258 890 et
267 855 385 901 nocturnos,
395 852 487 891 aucensis
496 853 596 891 totaurbe
606 852 726 891 luminibus.

59 924 140 976 Sparsit
154 926 175 962 et
189 922 278 962 missilia
290 922 396 960 variarum
409 934 484 972 rerum,
498 926 519 961 et
533 922 620 973 panaria
633 935 680 961 cum
695 923 742 961 ob:

9 992 14 997 ’
59 995 117 1034 sonio
127 993 208 1032 viritim
218 992 302 1042 divisit3
318 1005 361 1043 qua
369 993 488 1043 epulatione
498 993 565 1043 equiti
578 993 672 1031 Romano
682 1005 728 1031 con-

57 1068 92 1104 tra
101 1077 122 1103 se
132 1063 220 1102 hilarius
233 1062 357 1113 avidiusque
367 1062 460 1102 vescenti
473 1066 543 1118 partes
553 1075 601 1102 suas
615 1063 680 1112 misit,
691 1064 728 1102 sed

58 1139 79 1173 et
96 1134 187 1174 senatori
202 1134 228 1173 ob
243 1134 330 1172 eandem
347 1146 429 1172 causam
450 1133 563 1182 codicillos,
579 1133 654 1183 quibus
671 1146 728 1185 prae-

28 1209 124 1244 latorem
143 1217 190 1243 eum
209 1207 269 1242 extra
286 1203 380 1242 ordinem
399 1203 529 1253 designabat.
557 1203 631 1242 Edidit
651 1207 671 1242 et
690 1203 728 1242 cir-

58 1288 129 1315 censes
143 1274 245 1326 plurimos
262 1287 274 1312 a
289 1286 350 1312 mane
365 1274 391 1312 ad
407 1286 522 1324 vesperam,
539 1273 650 1312 interiecta
665 1275 727 1313 modo

57 1345 206 1384 Africanarum
216 1344 326 1382 venatione
337 1344 399 1382 modo
411 1344 485 1382 Troiae
497 1343 624 1393 decursione,
635 1348 655 1382 et
668 1357 728 1395 quos-

58 1416 105 1454 dam
117 1415 245 1466 praecipuos,
255 1413 321 1452 minio
331 1417 352 1452 et
362 1414 491 1465 chrysocolla
501 1417 606 1453 constrato
619 1414 679 1470 circo,
689 1427 727 1453 neo

57 1485 107 1524 ullis
117 1485 159 1524 nisi
169 1498 194 1523 ex
207 1484 310 1523 senatorio
320 1483 392 1523 ordine
404 1484 554 1534 aurigantibus.
584 1484 693 1523 Commisit
706 1487 727 1523 et

27 1565 46 1594 aa
57 1556 143 1605 subitos,
158 1569 205 1594 cum
218 1568 228 1594 e
240 1555 351 1595 Gelotiana
363 1559 486 1605 apparatum
502 1554 552 1594 circi
564 1554 727 1605 prospicientem

57 1626 117 1677 pauci
127 1638 153 1665 ex
162 1625 264 1677 proximis
275 1625 392 1664 Maenianis
403 1625 549 1675 postulassent.

82 1697 168 1735 Notum
177 1700 284 1747 praeterea
294 1699 356 1746 atque
365 1695 484 1734 inauditum
494 1708 559 1745 genus
569 1695 683 1746 spectaculi
694 1708 727 1734 ex·
735 1705 758 1739 1·

57 1767 163 1817 cogitarit.
191 1768 246 1805 Nam
257 1766 355 1805 Baiarum
366 1766 457 1805 medium
467 1766 602 1804 intervallum
614 1766 640 1804 ad
653 1767 727 1805 Puteo

55 1865 150 1904 flisbridge
205 1836 264 1876 lanas
281 1836 352 1885 moles,
369 1836 431 1874 trium
450 1836 533 1875 milium
549 1840 570 1875 et
585 1841 726 1876 sescentorum

25 1913 45 1943 25
55 1914 98 1945 from
104 1915 156 1945 Baiae
206 1907 250 1946 fere
257 1919 358 1958 passuum
371 1907 469 1958 spatium,
479 1910 542 1957 ponte
556 1906 670 1957 coniunxit,
681 1920 726 1946 con-

55 1966 73 1995 ω
80 1965 147 1995 Puteoli
205 1977 279 2023 tractis
294 1977 386 2028 undique
401 1977 500 2016 onerariis
515 1977 603 2016 navibus
618 1980 639 2016 et
653 1977 725 2016 ordine

56 2047 136 2098 duplici
160 2047 187 2086 ad
212 2060 297 2087 ancoras
324 2047 443 2097 conlocatis,
470 2047 626 2098 superiectoque
651 2060 725 2098 aggere

55 2121 137 2156 terreno
154 2130 177 2156 ac
194 2118 272 2156 directo
288 2118 310 2165 in
325 2118 406 2169 Appiae
420 2118 472 2156 Viae
489 2118 583 2156 formam.
612 2119 653 2156 Per
669 2118 725 2157 hunc

55 2191 138 2238 pontem
156 2187 212 2226 ultro
228 2187 281 2226 citro
297 2189 421 2227 commeavit
438 2188 501 2227 biduo
518 2188 640 2238 continenti,
657 2188 725 2239 primo

25 2265 44 2294 30
55 2257 89 2296 die
99 2257 207 2308 phalerato
215 2270 268 2308 equo
277 2258 409 2309 insignisque
419 2271 507 2309 quercea
516 2271 591 2297 corona
599 2262 620 2297 et
627 2263 696 2298 caetra
703 2262 725 2298 et

55 2328 124 2378 gladio
140 2339 243 2378 aureaque
258 2327 375 2378 chlamyde,
385 2328 486 2378 postridie
501 2328 634 2378 quadrigario
650 2328 725 2367 habitu

55 2397 198 2448 curriculoque
212 2397 279 2447 biiugi
292 2397 420 2437 famosorum
434 2410 539 2448 equorum,
554 2410 604 2449 prae
618 2410 640 2438 se
654 2399 723 2438 ferens
