1520 2600
45 48 73 88 12
97 56 115 89 o.
134 56 238 89 sumunt
253 56 405 97 rnanoumm
421 57 453 88 nn
468 56 528 88 Vtra
544 41 679 89 causantur

44 171 76 209 Ao
94 173 262 222 perseuerantiae
281 172 358 222 grande
377 172 468 222 pretium
484 172 540 221 tulit,
557 176 602 211 toto
621 172 713 223 Illyriae,

45 242 100 292 quod
114 242 170 280 iuter
184 242 269 280 ltaliam
281 255 409 292 regnumque
423 242 524 280 Norioum
538 245 559 280 et
572 242 683 281 Thraciam
693 246 715 281 et

44 312 187 350 Macedoniam
203 312 299 362 interque
313 312 434 350 Danubium
447 312 524 350 flumen
537 316 557 350 et
569 312 638 351 sinum
650 312 713 351 maris

44 381 163 436 Hadriatici
176 385 240 432 patet,
251 381 367 432 perdomito
378 385 398 420 et
412 382 434 420 in
444 382 546 421 dieionern
556 382 645 421 redaoto.
675 382 714 421 Cui
724 391 748 423 17

22 458 32 485 5
43 451 122 500 gloriae
132 451 220 503 amplior
232 452 300 490 adhue
310 464 336 490 ex
346 452 503 502 opportunitate
513 452 609 490 tumulus
619 453 712 492 aeoessit.
726 450 727 453 ’

42 520 98 559 Nam
106 521 145 560 sub
152 521 174 559 id
181 521 225 559 fere
233 524 316 571 tempus
323 521 438 567 Quintilius
446 521 514 560 Varus
522 534 569 560 oum
577 521 645 561 tribus
653 522 714 571 legio

42 591 104 629 nibus
114 591 136 628 in
146 590 260 630 Germania
271 591 340 640 periit,
350 591 433 629 nemine
443 591 552 629 dubitante
562 592 614 640 quin
623 591 713 631 viatores

43 660 143 698 Germani
157 660 249 699 irrneturi
263 672 285 699 se
299 660 414 698 Pannoniis
428 659 514 708 fuerint,
528 660 571 699 nisi
586 661 713 700 debellatum

193 730 251 780 prius
258 729 368 780 Illyricum
376 734 436 769 esset¹
458 730 514 775 Quas
522 730 548 768 ob
554 742 587 769 res
593 730 713 782 triumphus

42 781 104 810 Honore
193 799 213 838 ei
226 800 322 838 deeretus
336 803 374 847 est,
385 799 488 849 multique
500 803 521 837 et
534 801 604 848 magni
617 801 712 840 honores.

13 808 31 836 1⁰
42 828 127 859 conferret
140 841 142 844 ·

193 869 324 909 Censuerunt
331 869 395 907 etiam
402 869 488 918 qnidam
495 872 519 907 nt
528 870 667 919 Pannonious,
676 871 713 908 alii

16 972 19 978 .
41 943 66 978 ut
80 939 181 988 invictus,
197 938 293 977 nonnulli
310 942 334 977 nt
349 938 401 978 Pius
417 938 602 987 cognominaretur.
632 939 672 979 Sed
687 941 713 979 de

42 1010 163 1057 cognomine
176 1008 297 1047 intercessit
310 1008 592 1057 augustus,e000nre11rum
606 1010 714 1059 repromit

42 1082 95 1127 tens,
108 1078 163 1128 quod
178 1090 200 1116 se
215 1078 315 1116 defuneto
332 1081 467 1127 suscepturus
484 1082 544 1116 esset.
574 1074 711 1129 Triumphum

12 1158 31 1186 15
41 1148 87 1198 ipse
96 1147 186 1196 distulit,
195 1151 276 1186 maesta
285 1147 371 1186 eivitate
381 1147 440 1185 olade
449 1148 551 1196 Variana3
566 1148 633 1186 nihilo
643 1148 712 1187 minus

41 1218 114 1256 urbem
124 1220 268 1268 praetextatus
279 1221 299 1255 et
310 1216 382 1255 laurea
392 1220 502 1256 coronatus
515 1216 604 1256 intrarit
613 1218 713 1268 positum-

42 1299 82 1337 que
98 1288 121 1325 in
138 1286 219 1337 Saeptis
236 1279 335 1335 tribunal,
351 1289 425 1324 senatu
442 1289 529 1335 astante,
545 1287 671 1336 oonsoendit,
689 1300 713 1326 ao

42 1357 122 1395 medius
140 1356 194 1394 inter
211 1355 262 1394 duos
280 1355 375 1394 eonsules
392 1367 439 1393 enm
454 1357 550 1404 Augusto
566 1355 629 1394 simul
645 1356 720 1406 sedit3-

42 1426 102 1475 unde,
117 1425 195 1476 populo
211 1424 348 1473 consalutato,
365 1424 442 1462 eireum
460 1424 538 1474 templa
555 1425 656 1464 deductus
674 1430 711 1465 est.

11 1503 30 1532 ao
68 1496 167 1534 Proximo
179 1507 233 1533 anno
244 1494 334 1545 repetita
348 1494 465 1543 Germania,
476 1507 523 1532 oum
536 1495 712 1534 animadverteret
722 1501 747 1533 18

41 1594 104 1624 Second
111 1601 155 1623 m-
181 1564 303 1606 ,Varianam
318 1564 399 1602 cladem
413 1564 532 1603 temeritate
545 1568 566 1603 et
580 1565 713 1614 neglegentia

41 1641 164 1680 pagninoer-
191 1633 250 1672 ducis
267 1632 373 1681 accidisse,
390 1633 445 1670 nihil
463 1645 503 1671 non
524 1634 549 1671 de
567 1634 649 1672 oonsilii
668 1647 712 1673 sen-

41 1700 92 1730 many
191 1703 258 1742 tentia
274 1702 329 1752 egit3
351 1715 433 1753 semper
449 1703 501 1742 alias
519 1703 551 1742 sui
568 1704 650 1743 arbitrii
667 1717 712 1743 oon-

40 1778 153 1825 tentusque
174 1786 196 1812 se
221 1786 267 1822 uno,
289 1776 339 1811 tuno
364 1777 446 1823 praeter
470 1774 642 1811 eonsuetudinem
665 1786 712 1812 oum

11 1854 29 1883 25
42 1843 182 1894 eompluribus
193 1844 218 1881 de
228 1843 309 1881 ratione
319 1842 369 1881 belli
380 1842 547 1881 eommnnioavit.
578 1843 654 1882 Curam
664 1856 713 1893 quo-

41 1926 81 1963 que
97 1913 158 1953 solito
175 1912 299 1951 exaotiorem
317 1911 430 1962 praestitit.
464 1912 597 1951 Traieotnrus
614 1913 712 1951 Rhenum

41 1985 178 2021 commeatum
194 1993 274 2021 omnem
289 1980 315 2020 ad
330 1985 408 2020 certam
420 1981 534 2020 formulam
547 1982 657 2021 astriotum
669 1995 713 2022 non

41 2056 89 2092 ante
99 2052 222 2101 transmisit,
234 2064 295 2102 quam
308 2051 424 2090 consistens
436 2052 493 2102 apud
504 2052 572 2103 ripam
583 2053 713 2103 explorasset

42 2122 184 2161 vehiculorum
193 2134 260 2170 onera,
269 2134 294 2160 ne
303 2133 344 2171 qua
352 2122 511 2171 deportarentur
518 2121 561 2160 nisi
571 2134 669 2162 oonoessa
676 2108 713 2162 aut

11 2201 30 2230 30
41 2192 163 2232 necessaria.
183 2193 249 2230 Trans
258 2191 356 2230 Rhenum
362 2203 411 2229 vero
419 2203 467 2230 eum
473 2191 529 2230 vitae
536 2192 628 2231 ordinem
636 2194 712 2242 tenuit,

40 2267 64 2300 ut
84 2263 158 2300 sedens
175 2261 198 2299 in
214 2261 305 2311 caespite
320 2262 376 2298 nudo
395 2260 464 2299 eibum
483 2265 572 2310 eaperet,
590 2274 651 2312 saepe
668 2263 713 2301 sine

40 2331 131 2370 tentorio
146 2333 284 2381 pernoctaret
297 2333 409 2380 praecepta
423 2329 529 2380 sequentis
545 2330 587 2369 diei
600 2332 670 2371 omnia
683 2333 713 2384 (et
