1520 2600
207 500 231 543 Ο.
248 501 387 561 SUETONI
408 471 609 553 TRANQUILLI

187 625 242 677 oa
269 625 371 678 vira
399 584 627 681 onesinum

339 755 428 818 LIBER
447 756 472 795 V.
516 709 518 711 ι

250 844 356 916 uirus
378 874 563 917 ccuuorus.

50 1075 59 1105 5
97 1068 182 1106 Patrem
198 1067 273 1108 Claudi
289 1067 383 1107 Caesaris
396 1056 495 1117 Drusum,
505 1068 556 1107 olim
568 1068 679 1107 Decimum
693 1081 741 1108 mox

70 1166 136 1196 Drusus
143 1167 173 1195 the
221 1138 480 1188 Ne1¹onempraen0mine,
498 1138 565 1187 Livia,
581 1151 627 1177 oum
645 1139 741 1189 Augusto

69 1214 151 1245 fatherof
222 1207 309 1257 grauida
327 1207 440 1258 nupsisset,
460 1208 517 1247 intra
537 1221 631 1257 mensem
654 1208 739 1247 tertium

70 1265 149 1295 Claudius
221 1278 309 1328 peperit,
330 1277 414 1328 fuitque
438 1278 535 1328 suspicio,
557 1291 583 1316 ex
605 1278 691 1317 vitricov
704 1291 741 1329 per

69 1347 169 1386 adulterii
183 1347 354 1386 consuetudinem
370 1351 507 1398 procreatum.
536 1348 613 1387 Statim
627 1352 683 1387 certe
696 1349 740 1387 vul-

39 1423 58 1452 10
69 1420 129 1466 gatus
144 1421 176 1456 est
190 1429 273 1456 versus:
719 1420 722 1424 '

77 1530 79 1533 v
227 1491 270 1528 Τοῖς
281 1490 378 1540 εὐτυχοῦσι
388 1489 418 1527 καὶ
428 1490 507 1540 τρίμηνα
516 1488 583 1528 παιδία.

68 1556 91 1596 Is
101 1557 182 1596 Drusus
189 1557 212 1595 in
222 1561 346 1607 quaesturae
355 1562 507 1608 praeturaeque
515 1558 592 1596 honore
600 1558 644 1596 dux
651 1548 739 1607 Raetici,

27 1641 29 1643 ·
68 1627 144 1665 deinde
155 1627 274 1666 Germanici
284 1627 335 1666 belli
343 1609 449 1667 Oceanum
460 1628 652 1678 septemtrionalem
659 1615 739 1678 primus

67 1697 210 1735 Romanorum
224 1688 304 1736 ducum'
314 1698 427 1748 navigavit
439 1701 539 1748 transque
557 1698 655 1736 Rhenum
671 1698 739 1737 fossas

38 1774 56 1803 15
67 1767 117 1805 novi
127 1771 148 1805 et
157 1767 255 1806 immensi
265 1768 334 1818 operis
345 1768 421 1817 effecit,
430 1780 483 1818 quae
492 1780 547 1806 nunc
558 1768 625 1806 adhuc
634 1767 738 1809 Drusinae

67 1841 173 1876 vocantur.
202 1837 292 1877 Hostem
305 1839 369 1877 etiam
382 1838 503 1888 frequenter
519 1850 601 1876 caesum
616 1835 639 1876 ac
654 1837 738 1888 penitus

67 1907 89 1944 in
103 1907 189 1947 intimas
201 1908 325 1948 solitudines
341 1900 466 1947 actumhon
480 1905 538 1958 prius
552 1907 635 1946 destitit
649 1907 737 1957 insequi,

36 1990 38 1993 ·
67 1990 130 2028 quam
145 1979 224 2029 species
238 1980 338 2018 barbarae
353 1979 453 2028 mulieris,
464 1979 556 2017 humana
570 1976 664 2028 amplior,
674 1977 739 2016 victo

66 2060 111 2086 rem
119 2049 205 2087 tendere
214 2049 271 2088 ultra
281 2062 375 2089 sermone
384 2050 461 2088 Latino
471 2043 618 2100 prohibuisset.
634 2085 635 2088 ,
647 2047 702 2093 Quas
712 2047 738 2085 ob

35 2123 55 2153 20
66 2130 98 2157 res
116 2119 192 2157 orandi
209 2119 241 2159 ius
259 2123 279 2158 et
296 2119 433 2171 triumphalia
449 2122 572 2158 ornamenta
588 2116 694 2168 percepit3
714 2129 737 2155 ac

65 2191 113 2238 post
126 2193 246 2239 praeturam
260 2189 372 2229 confestim
385 2189 439 2228 inito
454 2189 563 2228 consulatu
578 2192 641 2238 atque
655 2186 737 2237 expedi-

65 2257 122 2296 tione
138 2259 233 2309 repetita,
247 2272 366 2309 supremum
384 2259 440 2298 diem
455 2259 525 2298 morbo
542 2258 595 2307 obiit
611 2258 633 2296 in
650 2256 736 2313 aestivis

63 2327 145 2386 Qt-ris,
156 2340 208 2378 quae
219 2340 244 2366 ex
254 2341 278 2366 eo
289 2318 394 2388 Scelerata
403 2332 452 2368 sunt
462 2328 573 2388 appellata.
599 2327 679 2378 Corpus
691 2314 743 2365 ehrs

64 2409 101 2447 per
111 2397 273 2448 municipiorum
281 2394 449 2449 coloniarumque
457 2398 564 2448 primores,
572 2397 735 2448 suscipientibus

232 2466 234 2468 ’
390 2468 411 2501 76
