1520 2600
269 115 343 165 11111
359 118 394 166 vr
425 132 496 166 nnnc.
678 122 720 164 139

50 258 93 284 rem
103 245 278 298 formidinemque
289 246 409 287 visentium.
438 242 500 285 Nihil
511 246 570 297 prius
581 249 618 285 aut
630 245 696 296 magis
708 258 721 284 a

51 315 161 355 comitibus
178 320 275 367 exegerat
291 330 354 368 qnam
372 330 398 356 ue
417 320 510 368 potestas
529 317 626 367 cuiquam
644 315 719 367 capitis

51 386 84 424 sui
97 385 162 435 fieret,
178 387 215 425 sed
228 391 252 425 ut
266 399 349 438 quoquo
363 387 425 426 modo
439 390 495 426 totus
512 390 643 425 cremaretur.
672 386 720 424 Per-

50 456 109 495 misit
118 456 156 494 hoc
166 456 235 496 Icelus
247 456 326 496 Galbae
336 456 430 506 libertus,
440 469 483 495 non
492 456 560 499 multo
571 459 620 495 ante
629 455 719 495 vinculis

50 526 164 576 exsolutus,
174 526 197 563 in
207 539 259 576 quae
269 526 337 577 primo
346 526 440 565 tumultu
448 526 554 565 coniectus
565 527 640 565 fuerat.
730 536 740 565 5

15 602 49 635 50<
76 597 193 635 Funeratus
208 596 349 647 estimpensa
363 597 500 636 ducentorum
515 596 604 645 milium,
620 595 719 646 stragulis

50 666 103 706 albis
120 679 170 706 auro
184 666 278 719 intertis,
291 667 366 717 quibus
381 680 431 707 usus
444 667 493 706 Kal.
505 667 549 705 Ian.
560 667 635 705 fuerat.
664 666 720 704 Reli-

49 737 109 787 11111
128 737 204 786 Ecloge
224 740 245 775 11
262 736 392 794 Alexandria
410 737 502 790 nutrices
521 749 568 775 curn

49 807 103 845 Acte
119 806 234 845 concubina
250 807 325 857 gentili
341 807 482 845 Domitiorum
498 819 569 845 monu-

49 879 118 915 mento
129 876 272 925 condiderunt,
283 877 339 927 quod
348 876 476 928 prospicitur
486 889 496 915 e
509 888 581 927 campo
591 876 670 914 Martio
682 875 719 913 im·
730 885 748 914 10

49 946 146 997 positum-
151 946 246 985 colliculo
256 947 400 985 Hortulorum.
429 946 456 984 lu
466 959 490 985 eo
499 949 633 985 monumento
643 945 718 985 solium
754 934 756 938 Α

48 1015 191 1067 porphyretici
206 1016 321 1066 marmoris,
332 1019 466 1068 superstante·
476 1017 569 1055 Lunensi
582 1028 623 1065 ara,
634 1016 718 1055 circum-

48 1089 144 1137 saeptum
153 1089 185 1126 est
194 1086 263 1137 lapide
273 1086 355 1126 Thasio.

14 1163 38 1195 51
76 1157 122 1196 Stat
101 1160 161 1195 atura
176 1156 219 1195 fuit
235 1169 300 1207 prope
314 1157 375 1206 iusta,
390 1170 476 1207 corpore
489 1156 595 1195 maculoso
609 1160 630 1195 et
644 1156 717 1205 fetido,

49 1226 143 1265 subflavo
163 1226 218 1277 capil
219 1226 245 1276 lo,
264 1226 345 1294 vnltpr
345 1227 433 1277 pulchro
455 1227 522 1277 magis
541 1240 604 1277 quam
622 1230 717 1276 venuste,
729 1237 748 1265 15

48 1296 113 1334 oculis
127 1296 192 1335 caesis
207 1300 228 1334 et
242 1261 390 1346 hebetioribus,
405 1297 485 1350 cervice
500 1297 567 1346 obesa,

48 1369 121 1404 ventre
133 1366 230 1417 proiecto,
242 1366 364 1416 gracillimis
379 1366 479 1415 cruribus,
490 1378 517 1405 va
517 1366 568 1404 11111-

48 1436 98 1474 (11111
115 1448 215 1487 prospera
232 1436 290 1488 (narn
306 1437 344 1487 qui
359 1436 454 1486 luxuriae
470 1436 569 1474 immode-

585 779 644 809 Burial

585 1349 665 1379 Personal

585 1407 628 1437 aepp
629 1407 689 1429 arante

48 1506 166 1544 ratissimae
185 1498 245 1555 esset,
262 1509 295 1544 ter
313 1506 398 1545 omnino
416 1518 456 1560 per
470 1505 635 1557 quattuordecim
653 1518 718 1544 annos

48 1575 136 1625 languit,
155 1579 218 1626 atque
236 1577 267 1615 ita
285 1564 309 1615 111
327 1588 395 1626 neque
414 1575 463 1615 rino
481 1588 548 1625 neque
568 1574 718 1614 consuetudine
729 1586 748 1614 20

48 1646 130 1695 reliqua
145 1646 268 1698 abstineret)
276 1661 281 1695 3
301 1646 356 1700 circa
371 1646 451 1684 cultum
466 1645 604 1696 habitumque
618 1646 669 1684 adeo
683 1658 730 1696 pu.

49 1715 134 1764 dendus,
149 1720 173 1754 ut
187 1728 266 1754 comam
281 1728 362 1773 semper
377 1716 400 1754 in
414 1716 490 1766 gradus
504 1715 616 1754 formatam
630 1700 719 1766 peregri-

48 1784 133 1823 nationc
151 1785 243 1824 Achaica
264 1786 327 1824 etiam
348 1798 402 1836 ponc
416 1778 520 1825 'uerticem
541 1785 675 1834 summiserit,
695 1797 719 1833 ac

48 1856 176 1906 plerumque,
191 1861 240 1907 synt
232 1856 336 1895 thesinam
352 1857 446 1905 indutus,
462 1857 526 1906 ligato
515 1857 621 1895 ocircum
642 1855 719 1895 collum

41 1926 131 1964 'sudario
141 1926 257 1985 prodierit'
252 1939 275 1964 m
284 1927 414 1977 publicum'
399 1939 444 1966 sme
452 1927 522 1966 cinctu
529 1930 550 1965 et
560 1916 699 1965 Ἡ111111111111
729 1937 748 1966 25

14 2000 38 2032 52
75 1995 178 2042 Liberalis
195 1987 318 2047 disciplinas
336 1997 402 2036 omnis
418 1997 462 2035 1111
479 2009 530 2047 puer
544 1996 622 2047 attigit
651 1995 692 2035 Sed
706 2007 719 2034 a

48 2050 182 2115 philosophia
195 2078 243 2104 eum
256 2070 323 2105 mater
337 2067 419 2116 avertit
430 2079 516 2106 monens
530 2066 658 2117 imperaturo
672 2078 718 2105 con-

48 2134 135 2173 trariam
143 2147 199 2174 esse:
214 2135 353 2185 acognitione
360 2140 453 2175 veterum
463 2140 568 2185 oratorum
676 2184 678 2187 1
710 2173 712 2175 ,

49 2204 127 2243 Seneca
141 2209 269 2256 praeceptor,
287 2217 329 2256 quo
345 2205 425 2246 diutius
442 2206 464 2244 in
481 2206 568 2245 admira·
585 2189 693 2269 eflfffiemy

47 2274 106 2322 tione
125 2275 158 2313 sni
176 2275 297 2329 detineret,
323 2276 399 2326 ltaque
417 2276 444 2315 acl
464 2276 568 2327 poeticam
729 2286 748 2315 30

48 2357 132 2395 pronus,
147 2330 239 2384 carmina
255 2344 350 2384 libenter·
360 2358 383 2384 ac
398 2346 443 2384 sine
457 2346 527 2385 labore
542 2345 657 2396 composuit
673 2357 717 2394 nec,

47 2419 72 2453 ut
89 2414 173 2465 quidam
192 2418 273 2465 putant,
291 2415 360 2454 aliena
376 2428 413 2466 pro
432 2415 476 2455 suis
495 2414 567 2455 edidit.
595 2415 676 2454 Venere
696 2415 719 2453 in
