<?xml version="1.0" encoding="UTF-8"?>
<!DOCTYPE html PUBLIC "-//W3C//DTD XHTML 1.0 Transitional//EN"
    "http://www.w3.org/TR/xhtml1/DTD/xhtml1-transitional.dtd">
<html xmlns="http://www.w3.org/1999/xhtml" xml:lang="en" lang="en">
 <head>
  <title>
</title>
<meta http-equiv="Content-Type" content="text/html;charset=utf-8" />
  <meta name='ocr-system' content='tesseract 3.04.00' />
  <meta name='ocr-capabilities' content='ocr_page ocr_carea ocr_par ocr_line ocrx_word'/>
</head>
<body>
  <div class='ocr_page' id='page_1' title='image "MN40042ucmf_5_0158.png"; bbox 0 0 1520 2600; ppageno 0'>
   <div class='ocr_carea' id='block_1_1' title="bbox 46 86 689 133">
    <p class='ocr_par' dir='ltr' id='par_1_1' title="bbox 46 86 689 133">
     <span class='ocr_line' id='line_1_1' title="bbox 46 86 689 133; baseline -0.003 -5"><span class='ocrx_word' id='word_1_1' title='bbox 46 86 88 129; x_wconf 83' lang='lat'>118</span> <span class='ocrx_word' id='word_1_2' title='bbox 114 94 133 127; x_wconf 84' lang='lat' dir='ltr'>c.</span> <span class='ocrx_word' id='word_1_3' title='bbox 150 93 253 127; x_wconf 82' lang='lat' dir='ltr'>sunrour</span> <span class='ocrx_word' id='word_1_4' title='bbox 267 92 418 133; x_wconf 73' lang='lat' dir='ltr'>rnaucurnnr</span> <span class='ocrx_word' id='word_1_5' title='bbox 432 93 465 125; x_wconf 84' lang='lat' dir='ltr'>nr</span> <span class='ocrx_word' id='word_1_6' title='bbox 479 94 540 126; x_wconf 83' lang='lat' dir='ltr'>urm</span> <span class='ocrx_word' id='word_1_7' title='bbox 554 93 689 126; x_wconf 76' lang='grc'><strong>6115111611</strong></span> 
     </span>
    </p>
   </div>
   <div class='ocr_carea' id='block_1_2' title="bbox 26 208 754 541">
    <p class='ocr_par' dir='ltr' id='par_1_2' title="bbox 26 208 754 541">
     <span class='ocr_line' id='line_1_2' title="bbox 46 208 717 260; baseline -0.001 -12"><span class='ocrx_word' id='word_1_8' title='bbox 46 209 136 248; x_wconf 88' lang='lat' dir='ltr'>militem</span> <span class='ocrx_word' id='word_1_9' title='bbox 145 208 238 260; x_wconf 88' lang='lat' dir='ltr'>positum</span> <span class='ocrx_word' id='word_1_10' title='bbox 249 208 276 247; x_wconf 87' lang='lat' dir='ltr'>ad</span> <span class='ocrx_word' id='word_1_11' title='bbox 285 208 402 247; x_wconf 74' lang='lat' dir='ltr'>custodiam</span> <span class='ocrx_word' id='word_1_12' title='bbox 412 208 488 257; x_wconf 87' lang='lat' dir='ltr'>aditus,</span> <span class='ocrx_word' id='word_1_13' title='bbox 500 221 546 247; x_wconf 90' lang='lat' dir='ltr'>cum</span> <span class='ocrx_word' id='word_1_14' title='bbox 557 220 604 247; x_wconf 88' lang='grc'><strong>611111</strong></span> <span class='ocrx_word' id='word_1_15' title='bbox 614 208 684 247; x_wconf 86' lang='lat' dir='ltr'>ornari</span> <span class='ocrx_word' id='word_1_16' title='bbox 693 220 717 247; x_wconf 89' lang='lat' dir='ltr'>ac</span> 
     </span>
     <span class='ocr_line' id='line_1_3' title="bbox 47 277 716 332; baseline -0.003 -13"><span class='ocrx_word' id='word_1_17' title='bbox 47 279 123 319; x_wconf 87' lang='lat' dir='ltr'>vinciri</span> <span class='ocrx_word' id='word_1_18' title='bbox 141 279 227 327; x_wconf 89' lang='lat' dir='ltr'>catenis,</span> <span class='ocrx_word' id='word_1_19' title='bbox 247 278 302 318; x_wconf 90' lang='lat' dir='ltr'>sicut</span> <span class='ocrx_word' id='word_1_20' title='bbox 319 281 466 332; x_wconf 16' lang='lat' dir='ltr'>‘argumentum</span> <span class='ocrx_word' id='word_1_21' title='bbox 485 277 612 329; x_wconf 81' lang='lat' dir='ltr'>postulabat,</span> <span class='ocrx_word' id='word_1_22' title='bbox 629 278 716 328; x_wconf 89' lang='lat' dir='ltr'>videret,</span> 
     </span>
     <span class='ocr_line' id='line_1_4' title="bbox 47 348 688 399; baseline -0.005 -11"><span class='ocrx_word' id='word_1_23' title='bbox 47 349 161 389; x_wconf 89' lang='lat' dir='ltr'>accurrisse</span> <span class='ocrx_word' id='word_1_24' title='bbox 175 348 274 387; x_wconf 79' lang='lat' dir='ltr'>ferendae</span> <span class='ocrx_word' id='word_1_25' title='bbox 289 348 334 399; x_wconf 91' lang='lat' dir='ltr'>opis</span> <span class='ocrx_word' id='word_1_26' title='bbox 349 348 421 398; x_wconf 84' lang='lat' dir='ltr'>gratia.</span> <span class='ocrx_word' id='word_1_27' title='bbox 686 393 688 397; x_wconf 33' lang='grc' dir='ltr'>Ι</span> 
     </span>
     <span class='ocr_line' id='line_1_5' title="bbox 73 418 751 471; baseline -0.001 -13"><span class='ocrx_word' id='word_1_28' title='bbox 73 421 181 471; x_wconf 79' lang='lat' dir='ltr'>Equorum</span> <span class='ocrx_word' id='word_1_29' title='bbox 191 418 261 457; x_wconf 88' lang='lat' dir='ltr'>studio</span> <span class='ocrx_word' id='word_1_30' title='bbox 270 418 304 457; x_wconf 77' lang='lat' dir='ltr'>rel</span> <span class='ocrx_word' id='word_1_31' title='bbox 314 419 425 469; x_wconf 75' lang='lat' dir='ltr'>praecipue</span> <span class='ocrx_word' id='word_1_32' title='bbox 437 419 463 458; x_wconf 89' lang='lat' dir='ltr'>ab</span> <span class='ocrx_word' id='word_1_33' title='bbox 472 419 557 457; x_wconf 88' lang='lat' dir='ltr'>ineunte</span> <span class='ocrx_word' id='word_1_34' title='bbox 568 421 635 457; x_wconf 88' lang='lat' dir='ltr'>aetate</span> <span class='ocrx_word' id='word_1_35' title='bbox 645 418 717 469; x_wconf 83' lang='lat' dir='ltr'>flagra·</span> <span class='ocrx_word' id='word_1_36' title='bbox 726 424 751 457; x_wconf 80' lang='lat'>22</span> 
     </span>
     <span class='ocr_line' id='line_1_6' title="bbox 26 488 754 541; baseline -0.003 -12"><span class='ocrx_word' id='word_1_37' title='bbox 26 500 35 529; x_wconf 87' lang='lat'>5</span> <span class='ocrx_word' id='word_1_38' title='bbox 47 490 83 540; x_wconf 84' lang='lat' dir='ltr'>vit,</span> <span class='ocrx_word' id='word_1_39' title='bbox 94 489 239 541; x_wconf 85' lang='lat' dir='ltr'>plurimusque</span> <span class='ocrx_word' id='word_1_40' title='bbox 251 488 283 526; x_wconf 93' lang='grc'><strong>1111</strong></span> <span class='ocrx_word' id='word_1_41' title='bbox 296 501 369 537; x_wconf 87' lang='lat' dir='ltr'>sermo,</span> <span class='ocrx_word' id='word_1_42' title='bbox 380 500 504 539; x_wconf 84' lang='lat' dir='ltr'>quamquam</span> <span class='ocrx_word' id='word_1_43' title='bbox 519 492 631 538; x_wconf 84' lang='lat' dir='ltr'>vetaretur,</span> <span class='ocrx_word' id='word_1_44' title='bbox 642 489 667 527; x_wconf 89' lang='lat' dir='ltr'>de</span> <span class='ocrx_word' id='word_1_45' title='bbox 680 488 717 528; x_wconf 91' lang='lat' dir='ltr'>cir·</span> <span class='ocrx_word' id='word_1_46' title='bbox 752 536 754 539; x_wconf 17' lang='lat' dir='ltr'>v</span> 
     </span>
    </p>
   </div>
   <div class='ocr_carea' id='block_1_3' title="bbox 46 558 715 644">
    <p class='ocr_par' dir='ltr' id='par_1_3' title="bbox 46 558 715 644">
     <span class='ocr_line' id='line_1_7' title="bbox 124 558 715 642; baseline 0.002 -46"><span class='ocrx_word' id='word_1_47' title='bbox 124 611 132 642; x_wconf 82' lang='lat' dir='ltr'>f</span> <span class='ocrx_word' id='word_1_48' title='bbox 197 558 293 598; x_wconf 78' lang='lat' dir='ltr'>censibus</span> <span class='ocrx_word' id='word_1_49' title='bbox 300 562 353 608; x_wconf 67' lang='lat' dir='ltr'>erat,</span> <span class='ocrx_word' id='word_1_50' title='bbox 369 562 390 596; x_wconf 92' lang='lat' dir='ltr'>et</span> <span class='ocrx_word' id='word_1_51' title='bbox 398 559 502 609; x_wconf 87' lang='lat' dir='ltr'>quondam</span> <span class='ocrx_word' id='word_1_52' title='bbox 511 562 601 597; x_wconf 84' lang='lat' dir='ltr'>tractum</span> <span class='ocrx_word' id='word_1_53' title='bbox 609 558 715 609; x_wconf 89' lang='lat' dir='ltr'>prasinum</span> 
     </span>
     <span class='ocr_line' id='line_1_8' title="bbox 46 613 150 644; baseline -0.01 -1"><span class='ocrx_word' id='word_1_54' title='bbox 46 613 118 644; x_wconf 83' lang='lat' dir='ltr'>Passion</span> <span class='ocrx_word' id='word_1_55' title='bbox 132 620 150 643; x_wconf 84' lang='lat' dir='ltr'>cr</span> 
     </span>
    </p>
   </div>
   <div class='ocr_carea' id='block_1_4' title="bbox 46 628 716 693">
    <p class='ocr_par' dir='ltr' id='par_1_4' title="bbox 46 628 716 693">
     <span class='ocr_line' id='line_1_9' title="bbox 46 628 716 693; baseline -0.012 -19"><span class='ocrx_word' id='word_1_56' title='bbox 46 664 104 693; x_wconf 84' lang='lat' dir='ltr'>horses</span> <span class='ocrx_word' id='word_1_57' title='bbox 197 629 321 678; x_wconf 69' lang='lat' dir='ltr'>agitatorem</span> <span class='ocrx_word' id='word_1_58' title='bbox 327 629 381 667; x_wconf 91' lang='lat' dir='ltr'>iuter</span> <span class='ocrx_word' id='word_1_59' title='bbox 388 628 541 679; x_wconf 85' lang='lat' dir='ltr'>condiscipulos</span> <span class='ocrx_word' id='word_1_60' title='bbox 549 641 644 680; x_wconf 88' lang='lat' dir='ltr'>querens,</span> <span class='ocrx_word' id='word_1_61' title='bbox 650 629 716 667; x_wconf 90' lang='lat' dir='ltr'>obiur-</span> 
     </span>
    </p>
   </div>
   <div class='ocr_carea' id='block_1_5' title="bbox 6 698 751 2438">
    <p class='ocr_par' dir='ltr' id='par_1_5' title="bbox 6 698 751 2438">
     <span class='ocr_line' id='line_1_10' title="bbox 197 698 717 750; baseline 0 -13"><span class='ocrx_word' id='word_1_62' title='bbox 197 702 259 750; x_wconf 81' lang='lat' dir='ltr'>gante</span> <span class='ocrx_word' id='word_1_63' title='bbox 272 698 397 750; x_wconf 81' lang='lat' dir='ltr'>paedagoge,</span> <span class='ocrx_word' id='word_1_64' title='bbox 408 698 433 737; x_wconf 92' lang='lat' dir='ltr'>de</span> <span class='ocrx_word' id='word_1_65' title='bbox 445 698 536 737; x_wconf 90' lang='lat' dir='ltr'>Hectore</span> <span class='ocrx_word' id='word_1_66' title='bbox 549 711 571 737; x_wconf 88' lang='lat' dir='ltr'>se</span> <span class='ocrx_word' id='word_1_67' title='bbox 582 699 640 749; x_wconf 87' lang='lat' dir='ltr'>loqui</span> <span class='ocrx_word' id='word_1_68' title='bbox 650 711 717 738; x_wconf 89' lang='lat' dir='ltr'>emen-</span> 
     </span>
     <span class='ocr_line' id='line_1_11' title="bbox 46 762 716 820; baseline 0 -12"><span class='ocrx_word' id='word_1_69' title='bbox 46 770 99 809; x_wconf 89' lang='lat' dir='ltr'>titus</span> <span class='ocrx_word' id='word_1_70' title='bbox 114 773 151 809; x_wconf 90' lang='lat' dir='ltr'>est.</span> <span class='ocrx_word' id='word_1_71' title='bbox 181 762 222 809; x_wconf 77' lang='lat' dir='ltr'>Sed</span> <span class='ocrx_word' id='word_1_72' title='bbox 239 781 286 807; x_wconf 88' lang='lat' dir='ltr'>oum</span> <span class='ocrx_word' id='word_1_73' title='bbox 302 769 357 807; x_wconf 91' lang='lat' dir='ltr'>inter</span> <span class='ocrx_word' id='word_1_74' title='bbox 374 768 437 808; x_wconf 89' lang='lat' dir='ltr'>initia</span> <span class='ocrx_word' id='word_1_75' title='bbox 453 768 537 819; x_wconf 88' lang='lat' dir='ltr'>imperii</span> <span class='ocrx_word' id='word_1_76' title='bbox 553 769 649 807; x_wconf 79' lang='lat' dir='ltr'>eburneis</span> <span class='ocrx_word' id='word_1_77' title='bbox 668 782 716 820; x_wconf 86' lang='lat' dir='ltr'>qua-</span> 
     </span>
     <span class='ocr_line' id='line_1_12' title="bbox 17 838 715 890; baseline 0 -13"><span class='ocrx_word' id='word_1_78' title='bbox 17 849 35 877; x_wconf 87' lang='grc'>16</span> <span class='ocrx_word' id='word_1_79' title='bbox 46 840 112 890; x_wconf 87' lang='lat' dir='ltr'>drigis</span> <span class='ocrx_word' id='word_1_80' title='bbox 124 840 201 878; x_wconf 89' lang='lat' dir='ltr'>cotidie</span> <span class='ocrx_word' id='word_1_81' title='bbox 213 840 235 877; x_wconf 92' lang='lat' dir='ltr'>in</span> <span class='ocrx_word' id='word_1_82' title='bbox 247 840 310 878; x_wconf 83' lang='lat' dir='ltr'>abaco</span> <span class='ocrx_word' id='word_1_83' title='bbox 321 838 409 889; x_wconf 85' lang='lat' dir='ltr'>luderet,</span> <span class='ocrx_word' id='word_1_84' title='bbox 420 839 447 878; x_wconf 88' lang='lat' dir='ltr'>ad</span> <span class='ocrx_word' id='word_1_85' title='bbox 460 839 528 878; x_wconf 88' lang='lat' dir='ltr'>omnis</span> <span class='ocrx_word' id='word_1_86' title='bbox 541 839 605 878; x_wconf 87' lang='lat' dir='ltr'>etiarn</span> <span class='ocrx_word' id='word_1_87' title='bbox 617 839 715 878; x_wconf 84' lang='lat' dir='ltr'>minimos</span> 
     </span>
     <span class='ocr_line' id='line_1_13' title="bbox 46 908 716 960; baseline -0.001 -11"><span class='ocrx_word' id='word_1_88' title='bbox 46 911 148 949; x_wconf 87' lang='lat' dir='ltr'>circenses</span> <span class='ocrx_word' id='word_1_89' title='bbox 163 922 174 948; x_wconf 94' lang='lat' dir='ltr'>e</span> <span class='ocrx_word' id='word_1_90' title='bbox 189 922 271 949; x_wconf 89' lang='lat' dir='ltr'>secessu</span> <span class='ocrx_word' id='word_1_91' title='bbox 285 910 419 957; x_wconf 85' lang='lat' dir='ltr'>commeabat,</span> <span class='ocrx_word' id='word_1_92' title='bbox 430 909 497 960; x_wconf 87' lang='lat' dir='ltr'>primo</span> <span class='ocrx_word' id='word_1_93' title='bbox 512 908 571 959; x_wconf 84' lang='lat' dir='ltr'>clam,</span> <span class='ocrx_word' id='word_1_94' title='bbox 582 909 657 948; x_wconf 88' lang='lat' dir='ltr'>deinde</span> <span class='ocrx_word' id='word_1_95' title='bbox 671 922 716 960; x_wconf 92' lang='lat' dir='ltr'>pro-</span> 
     </span>
     <span class='ocr_line' id='line_1_14' title="bbox 46 980 714 1031; baseline -0.003 -12"><span class='ocrx_word' id='word_1_96' title='bbox 46 980 127 1031; x_wconf 81' lang='lat' dir='ltr'>palam3</span> <span class='ocrx_word' id='word_1_97' title='bbox 142 984 166 1018; x_wconf 92' lang='lat' dir='ltr'>ut</span> <span class='ocrx_word' id='word_1_98' title='bbox 175 980 255 1018; x_wconf 84' lang='lat' dir='ltr'>nemini</span> <span class='ocrx_word' id='word_1_99' title='bbox 265 980 352 1018; x_wconf 87' lang='lat' dir='ltr'>dubium</span> <span class='ocrx_word' id='word_1_100' title='bbox 362 984 422 1029; x_wconf 89' lang='lat' dir='ltr'>esset,</span> <span class='ocrx_word' id='word_1_101' title='bbox 434 992 457 1018; x_wconf 89' lang='lat' dir='ltr'>eo</span> <span class='ocrx_word' id='word_1_102' title='bbox 467 980 501 1018; x_wconf 90' lang='lat' dir='ltr'>die</span> <span class='ocrx_word' id='word_1_103' title='bbox 510 980 584 1030; x_wconf 88' lang='lat' dir='ltr'>utique</span> <span class='ocrx_word' id='word_1_104' title='bbox 594 980 714 1018; x_wconf 79' lang='lat' dir='ltr'>affuturum.</span> 
     </span>
     <span class='ocr_line' id='line_1_15' title="bbox 45 1050 732 1101; baseline -0.003 -12"><span class='ocrx_word' id='word_1_105' title='bbox 45 1051 120 1101; x_wconf 85' lang='lat' dir='ltr'>Neque</span> <span class='ocrx_word' id='word_1_106' title='bbox 137 1050 283 1090; x_wconf 74' lang='lat' dir='ltr'>dissimulabat</span> <span class='ocrx_word' id='word_1_107' title='bbox 300 1050 354 1089; x_wconf 88' lang='lat' dir='ltr'>velle</span> <span class='ocrx_word' id='word_1_108' title='bbox 373 1062 395 1089; x_wconf 90' lang='lat' dir='ltr'>se</span> <span class='ocrx_word' id='word_1_109' title='bbox 414 1050 530 1101; x_wconf 90' lang='lat' dir='ltr'>palmarum</span> <span class='ocrx_word' id='word_1_110' title='bbox 547 1062 656 1089; x_wconf 87' lang='lat' dir='ltr'>numerum</span> <span class='ocrx_word' id='word_1_111' title='bbox 675 1057 732 1088; x_wconf 45' lang='lat' dir='ltr'>am:</span> 
     </span>
     <span class='ocr_line' id='line_1_16' title="bbox 6 1120 715 1172; baseline -0.004 -13"><span class='ocrx_word' id='word_1_112' title='bbox 6 1139 8 1142; x_wconf 53' lang='lat'>&gt;</span> <span class='ocrx_word' id='word_1_113' title='bbox 46 1120 123 1172; x_wconf 75' lang='lat' dir='ltr'>phare,</span> <span class='ocrx_word' id='word_1_114' title='bbox 139 1133 201 1171; x_wconf 84' lang='lat' dir='ltr'>quare</span> <span class='ocrx_word' id='word_1_115' title='bbox 209 1120 350 1171; x_wconf 85' lang='lat' dir='ltr'>spectaculum</span> <span class='ocrx_word' id='word_1_116' title='bbox 357 1120 503 1171; x_wconf 90' lang='lat' dir='ltr'>multiplicatis</span> <span class='ocrx_word' id='word_1_117' title='bbox 510 1120 609 1159; x_wconf 86' lang='lat' dir='ltr'>missibus</span> <span class='ocrx_word' id='word_1_118' title='bbox 616 1120 639 1158; x_wconf 90' lang='lat' dir='ltr'>in</span> <span class='ocrx_word' id='word_1_119' title='bbox 647 1132 715 1159; x_wconf 86' lang='lat' dir='ltr'>serum</span> 
     </span>
     <span class='ocr_line' id='line_1_17' title="bbox 16 1190 716 1244; baseline -0.003 -15"><span class='ocrx_word' id='word_1_120' title='bbox 16 1201 35 1230; x_wconf 85' lang='lat'>15</span> <span class='ocrx_word' id='word_1_121' title='bbox 46 1191 211 1242; x_wconf 84' lang='lat' dir='ltr'>protrahebatur,</span> <span class='ocrx_word' id='word_1_122' title='bbox 221 1203 248 1228; x_wconf 88' lang='lat' dir='ltr'>ne</span> <span class='ocrx_word' id='word_1_123' title='bbox 258 1190 348 1229; x_wconf 87' lang='lat' dir='ltr'>dominis</span> <span class='ocrx_word' id='word_1_124' title='bbox 359 1190 443 1240; x_wconf 85' lang='lat' dir='ltr'>quidem</span> <span class='ocrx_word' id='word_1_125' title='bbox 453 1190 495 1229; x_wconf 84' lang='lat' dir='ltr'>ianr</span> <span class='ocrx_word' id='word_1_126' title='bbox 504 1191 621 1244; x_wconf 79' lang='lat' dir='ltr'>factionum</span> <span class='ocrx_word' id='word_1_127' title='bbox 631 1190 716 1240; x_wconf 82' lang='lat' dir='ltr'>dignan-</span> 
     </span>
     <span class='ocr_line' id='line_1_18' title="bbox 46 1260 715 1310; baseline -0.001 -11"><span class='ocrx_word' id='word_1_128' title='bbox 46 1261 102 1300; x_wconf 86' lang='lat' dir='ltr'>tibus</span> <span class='ocrx_word' id='word_1_129' title='bbox 114 1261 156 1299; x_wconf 90' lang='lat' dir='ltr'>nisi</span> <span class='ocrx_word' id='word_1_130' title='bbox 167 1261 194 1299; x_wconf 92' lang='lat' dir='ltr'>ad</span> <span class='ocrx_word' id='word_1_131' title='bbox 205 1260 270 1299; x_wconf 88' lang='lat' dir='ltr'>totius</span> <span class='ocrx_word' id='word_1_132' title='bbox 284 1260 326 1298; x_wconf 86' lang='lat' dir='ltr'>diei</span> <span class='ocrx_word' id='word_1_133' title='bbox 340 1273 422 1299; x_wconf 85' lang='lat' dir='ltr'>cursum</span> <span class='ocrx_word' id='word_1_134' title='bbox 436 1273 507 1310; x_wconf 80' lang='lat' dir='ltr'>greges</span> <span class='ocrx_word' id='word_1_135' title='bbox 521 1261 601 1299; x_wconf 87' lang='lat' dir='ltr'>ducere.</span> <span class='ocrx_word' id='word_1_136' title='bbox 630 1260 681 1299; x_wconf 76' lang='lat' dir='ltr'>Mox</span> <span class='ocrx_word' id='word_1_137' title='bbox 695 1263 715 1298; x_wconf 87' lang='lat' dir='ltr'>et</span> 
     </span>
     <span class='ocr_line' id='line_1_19' title="bbox 46 1330 716 1383; baseline -0.001 -14"><span class='ocrx_word' id='word_1_138' title='bbox 46 1332 91 1383; x_wconf 87' lang='lat' dir='ltr'>ipse</span> <span class='ocrx_word' id='word_1_139' title='bbox 103 1331 197 1381; x_wconf 82' lang='lat' dir='ltr'>aurigare</span> <span class='ocrx_word' id='word_1_140' title='bbox 211 1335 273 1381; x_wconf 86' lang='lat' dir='ltr'>atque</span> <span class='ocrx_word' id='word_1_141' title='bbox 285 1331 348 1369; x_wconf 87' lang='lat' dir='ltr'>etiam</span> <span class='ocrx_word' id='word_1_142' title='bbox 362 1331 451 1381; x_wconf 87' lang='lat' dir='ltr'>spectari</span> <span class='ocrx_word' id='word_1_143' title='bbox 464 1330 546 1381; x_wconf 87' lang='lat' dir='ltr'>saepius</span> <span class='ocrx_word' id='word_1_144' title='bbox 556 1330 629 1379; x_wconf 84' lang='lat' dir='ltr'>voluit,</span> <span class='ocrx_word' id='word_1_145' title='bbox 640 1331 716 1382; x_wconf 89' lang='lat' dir='ltr'>posito-</span> 
     </span>
     <span class='ocr_line' id='line_1_20' title="bbox 46 1401 751 1453; baseline 0.004 -14"><span class='ocrx_word' id='word_1_146' title='bbox 46 1414 86 1452; x_wconf 82' lang='lat' dir='ltr'>que</span> <span class='ocrx_word' id='word_1_147' title='bbox 96 1402 118 1439; x_wconf 95' lang='lat' dir='ltr'>in</span> <span class='ocrx_word' id='word_1_148' title='bbox 128 1401 194 1439; x_wconf 90' lang='lat' dir='ltr'>hortis</span> <span class='ocrx_word' id='word_1_149' title='bbox 203 1401 258 1439; x_wconf 88' lang='lat' dir='ltr'>iuter</span> <span class='ocrx_word' id='word_1_150' title='bbox 265 1401 351 1439; x_wconf 89' lang='lat' dir='ltr'>servitia</span> <span class='ocrx_word' id='word_1_151' title='bbox 359 1404 380 1439; x_wconf 89' lang='lat' dir='ltr'>et</span> <span class='ocrx_word' id='word_1_152' title='bbox 388 1401 492 1439; x_wconf 88' lang='lat' dir='ltr'>sordidam</span> <span class='ocrx_word' id='word_1_153' title='bbox 499 1401 581 1451; x_wconf 83' lang='lat' dir='ltr'>plebem</span> <span class='ocrx_word' id='word_1_154' title='bbox 590 1401 715 1453; x_wconf 84' lang='lat' dir='ltr'>rudimento,</span> <span class='ocrx_word' id='word_1_155' title='bbox 748 1407 751 1411; x_wconf 88' lang='lat'>&#39;</span> 
     </span>
     <span class='ocr_line' id='line_1_21' title="bbox 46 1470 715 1523; baseline 0.001 -13"><span class='ocrx_word' id='word_1_156' title='bbox 46 1472 191 1511; x_wconf 86' lang='lat' dir='ltr'>mriverscrum</span> <span class='ocrx_word' id='word_1_157' title='bbox 204 1483 225 1510; x_wconf 94' lang='grc'><strong>56</strong></span> <span class='ocrx_word' id='word_1_158' title='bbox 239 1471 304 1510; x_wconf 87' lang='grc'><strong>6611115</strong></span> <span class='ocrx_word' id='word_1_159' title='bbox 317 1471 340 1509; x_wconf 86' lang='grc'>111</span> <span class='ocrx_word' id='word_1_160' title='bbox 353 1470 413 1510; x_wconf 80' lang='lat' dir='ltr'>Circo</span> <span class='ocrx_word' id='word_1_161' title='bbox 425 1470 518 1509; x_wconf 79' lang='lat' dir='ltr'>Maximo</span> <span class='ocrx_word' id='word_1_162' title='bbox 530 1471 632 1521; x_wconf 85' lang='lat' dir='ltr'>praebuit,</span> <span class='ocrx_word' id='word_1_163' title='bbox 644 1472 715 1523; x_wconf 87' lang='lat' dir='ltr'>aliquo</span> 
     </span>
     <span class='ocr_line' id='line_1_22' title="bbox 16 1541 716 1594; baseline 0.004 -16"><span class='ocrx_word' id='word_1_164' title='bbox 16 1549 35 1579; x_wconf 73' lang='lat' dir='ltr'>ao</span> <span class='ocrx_word' id='word_1_165' title='bbox 46 1541 122 1581; x_wconf 89' lang='lat' dir='ltr'>liberto</span> <span class='ocrx_word' id='word_1_166' title='bbox 132 1542 230 1581; x_wconf 81' lang='lat' dir='ltr'>mittente</span> <span class='ocrx_word' id='word_1_167' title='bbox 243 1554 341 1594; x_wconf 87' lang='lat' dir='ltr'>mappam</span> <span class='ocrx_word' id='word_1_168' title='bbox 355 1542 410 1580; x_wconf 87' lang='lat' dir='ltr'>unde</span> <span class='ocrx_word' id='word_1_169' title='bbox 424 1542 559 1591; x_wconf 82' lang='lat' dir='ltr'>magistratus</span> <span class='ocrx_word' id='word_1_170' title='bbox 570 1541 643 1580; x_wconf 87' lang='lat' dir='ltr'>solent.</span> <span class='ocrx_word' id='word_1_171' title='bbox 671 1542 716 1581; x_wconf 86' lang='lat' dir='ltr'>Nec</span> 
     </span>
     <span class='ocr_line' id='line_1_23' title="bbox 47 1612 714 1662; baseline 0.001 -12"><span class='ocrx_word' id='word_1_172' title='bbox 47 1616 156 1651; x_wconf 88' lang='lat' dir='ltr'>contentus</span> <span class='ocrx_word' id='word_1_173' title='bbox 179 1612 253 1650; x_wconf 84' lang='lat' dir='ltr'>harum</span> <span class='ocrx_word' id='word_1_174' title='bbox 272 1613 347 1651; x_wconf 88' lang='lat' dir='ltr'>artium</span> <span class='ocrx_word' id='word_1_175' title='bbox 367 1612 510 1662; x_wconf 78' lang='lat' dir='ltr'>experimenta</span> <span class='ocrx_word' id='word_1_176' title='bbox 529 1612 607 1650; x_wconf 82' lang='lat' dir='ltr'>Romae</span> <span class='ocrx_word' id='word_1_177' title='bbox 626 1612 714 1662; x_wconf 81' lang='lat' dir='ltr'>dedisse,</span> 
     </span>
     <span class='ocr_line' id='line_1_24' title="bbox 46 1682 716 1734; baseline 0 -13"><span class='ocrx_word' id='word_1_178' title='bbox 46 1682 154 1732; x_wconf 85' lang='lat' dir='ltr'>Achaiam,</span> <span class='ocrx_word' id='word_1_179' title='bbox 168 1686 192 1721; x_wconf 88' lang='lat' dir='ltr'>ut</span> <span class='ocrx_word' id='word_1_180' title='bbox 207 1682 305 1733; x_wconf 78' lang='lat' dir='ltr'>diximus,</span> <span class='ocrx_word' id='word_1_181' title='bbox 319 1682 379 1734; x_wconf 80' lang='lat' dir='ltr'>petit,</span> <span class='ocrx_word' id='word_1_182' title='bbox 393 1682 443 1721; x_wconf 88' lang='lat' dir='ltr'>hinc</span> <span class='ocrx_word' id='word_1_183' title='bbox 457 1682 548 1721; x_wconf 73' lang='lat' dir='ltr'>maxime</span> <span class='ocrx_word' id='word_1_184' title='bbox 562 1684 642 1721; x_wconf 87' lang='lat' dir='ltr'>motus:</span> <span class='ocrx_word' id='word_1_185' title='bbox 657 1682 716 1722; x_wconf 89' lang='lat' dir='ltr'>insti-</span> 
     </span>
     <span class='ocr_line' id='line_1_25' title="bbox 46 1741 715 1808; baseline 0.001 -17"><span class='ocrx_word' id='word_1_186' title='bbox 46 1756 130 1807; x_wconf 82' lang='lat' dir='ltr'>tuerant</span> <span class='ocrx_word' id='word_1_187' title='bbox 147 1752 250 1801; x_wconf 82' lang='lat' dir='ltr'>civitates,</span> <span class='ocrx_word' id='word_1_188' title='bbox 267 1753 323 1803; x_wconf 90' lang='lat' dir='ltr'>apud</span> <span class='ocrx_word' id='word_1_189' title='bbox 340 1765 391 1803; x_wconf 88' lang='lat' dir='ltr'>quas</span> <span class='ocrx_word' id='word_1_190' title='bbox 408 1753 482 1808; x_wconf 86' lang='lat' dir='ltr'>musici</span> <span class='ocrx_word' id='word_1_191' title='bbox 499 1764 575 1801; x_wconf 83' lang='lat' dir='ltr'>agones</span> <span class='ocrx_word' id='word_1_192' title='bbox 591 1751 625 1790; x_wconf 87' lang='lat' dir='ltr'>edi</span> <span class='ocrx_word' id='word_1_193' title='bbox 641 1741 715 1802; x_wconf 76' lang='lat' dir='ltr'>solent,</span> 
     </span>
     <span class='ocr_line' id='line_1_26' title="bbox 47 1823 715 1874; baseline 0.003 -14"><span class='ocrx_word' id='word_1_194' title='bbox 47 1835 118 1861; x_wconf 89' lang='lat' dir='ltr'>omnes</span> <span class='ocrx_word' id='word_1_195' title='bbox 138 1824 303 1863; x_wconf 87' lang='lat' dir='ltr'>citharoedorum</span> <span class='ocrx_word' id='word_1_196' title='bbox 323 1826 408 1863; x_wconf 86' lang='lat' dir='ltr'>coronas</span> <span class='ocrx_word' id='word_1_197' title='bbox 427 1824 454 1863; x_wconf 90' lang='lat' dir='ltr'>ad</span> <span class='ocrx_word' id='word_1_198' title='bbox 470 1823 538 1874; x_wconf 89' lang='lat' dir='ltr'>ipsum</span> <span class='ocrx_word' id='word_1_199' title='bbox 555 1823 644 1861; x_wconf 90' lang='lat' dir='ltr'>mittere.</span> <span class='ocrx_word' id='word_1_200' title='bbox 673 1823 715 1862; x_wconf 84' lang='lat' dir='ltr'>Eas</span> 
     </span>
     <span class='ocr_line' id='line_1_27' title="bbox 16 1893 716 1945; baseline -0.003 -12"><span class='ocrx_word' id='word_1_201' title='bbox 16 1904 35 1933; x_wconf 77' lang='lat'>25</span> <span class='ocrx_word' id='word_1_202' title='bbox 46 1893 97 1932; x_wconf 87' lang='lat' dir='ltr'>adeo</span> <span class='ocrx_word' id='word_1_203' title='bbox 114 1897 172 1942; x_wconf 84' lang='lat' dir='ltr'>grate</span> <span class='ocrx_word' id='word_1_204' title='bbox 188 1894 308 1945; x_wconf 86' lang='lat' dir='ltr'>recipiebat,</span> <span class='ocrx_word' id='word_1_205' title='bbox 323 1898 347 1933; x_wconf 90' lang='lat' dir='ltr'>ut</span> <span class='ocrx_word' id='word_1_206' title='bbox 361 1895 448 1945; x_wconf 83' lang='lat' dir='ltr'>legatos,</span> <span class='ocrx_word' id='word_1_207' title='bbox 464 1895 500 1945; x_wconf 85' lang='lat' dir='ltr'>qui</span> <span class='ocrx_word' id='word_1_208' title='bbox 516 1893 659 1945; x_wconf 88' lang='lat' dir='ltr'>pertulissent,</span> <span class='ocrx_word' id='word_1_209' title='bbox 674 1906 716 1931; x_wconf 89' lang='lat' dir='ltr'>non</span> 
     </span>
     <span class='ocr_line' id='line_1_28' title="bbox 47 1950 715 2015; baseline 0.004 -15"><span class='ocrx_word' id='word_1_210' title='bbox 47 1963 108 2002; x_wconf 89' lang='lat' dir='ltr'>modo</span> <span class='ocrx_word' id='word_1_211' title='bbox 123 1964 202 2015; x_wconf 86' lang='lat' dir='ltr'>primos</span> <span class='ocrx_word' id='word_1_212' title='bbox 219 1966 345 2014; x_wconf 85' lang='lat' dir='ltr'>admitteret,</span> <span class='ocrx_word' id='word_1_213' title='bbox 361 1966 397 2004; x_wconf 89' lang='lat' dir='ltr'>sed</span> <span class='ocrx_word' id='word_1_214' title='bbox 413 1966 476 2004; x_wconf 87' lang='lat' dir='ltr'>etiam</span> <span class='ocrx_word' id='word_1_215' title='bbox 493 1950 633 2004; x_wconf 81' lang='lat' dir='ltr'>fauriliaribus</span> <span class='ocrx_word' id='word_1_216' title='bbox 648 1964 715 2015; x_wconf 87' lang='lat' dir='ltr'>epulis</span> 
     </span>
     <span class='ocr_line' id='line_1_29' title="bbox 46 2031 716 2086; baseline 0.003 -16"><span class='ocrx_word' id='word_1_217' title='bbox 46 2032 194 2084; x_wconf 57' lang='lat' dir='ltr'>interponeret,</span> <span class='ocrx_word' id='word_1_218' title='bbox 222 2035 243 2073; x_wconf 86' lang='grc' dir='ltr'>Α</span> <span class='ocrx_word' id='word_1_219' title='bbox 257 2035 382 2086; x_wconf 86' lang='lat' dir='ltr'>quibusdam</span> <span class='ocrx_word' id='word_1_220' title='bbox 397 2035 470 2074; x_wconf 77' lang='lat' dir='ltr'>erbis</span> <span class='ocrx_word' id='word_1_221' title='bbox 485 2031 608 2084; x_wconf 65' lang='lat' dir='ltr'>rogantem</span> <span class='ocrx_word' id='word_1_222' title='bbox 622 2037 716 2073; x_wconf 85' lang='lat' dir='ltr'>cantaret</span> 
     </span>
     <span class='ocr_line' id='line_1_30' title="bbox 47 2091 716 2157; baseline 0.003 -16"><span class='ocrx_word' id='word_1_223' title='bbox 47 2115 109 2154; x_wconf 89' lang='lat' dir='ltr'>super</span> <span class='ocrx_word' id='word_1_224' title='bbox 119 2116 197 2153; x_wconf 84' lang='lat' dir='ltr'>cenam,</span> <span class='ocrx_word' id='word_1_225' title='bbox 206 2091 345 2157; x_wconf 65' lang='lat' dir='ltr'>exceptusilue</span> <span class='ocrx_word' id='word_1_226' title='bbox 354 2100 446 2155; x_wconf 81' lang='lat' dir='ltr'>effusius,</span> <span class='ocrx_word' id='word_1_227' title='bbox 455 2109 506 2145; x_wconf 80' lang='lat' dir='ltr'>solos</span> <span class='ocrx_word' id='word_1_228' title='bbox 515 2108 565 2144; x_wconf 76' lang='lat' dir='ltr'>seire</span> <span class='ocrx_word' id='word_1_229' title='bbox 572 2108 643 2144; x_wconf 73' lang='lat' dir='ltr'>crida-e</span> <span class='ocrx_word' id='word_1_230' title='bbox 655 2106 716 2144; x_wconf 72' lang='lat' dir='ltr'>Grae</span> 
     </span>
     <span class='ocr_line' id='line_1_31' title="bbox 46 2176 715 2244; baseline 0 -30"><span class='ocrx_word' id='word_1_231' title='bbox 46 2205 122 2244; x_wconf 66' lang='lat' dir='ltr'>appears</span> <span class='ocrx_word' id='word_1_232' title='bbox 129 2206 147 2234; x_wconf 66' lang='lat' dir='ltr'>m</span> <span class='ocrx_word' id='word_1_233' title='bbox 198 2189 235 2224; x_wconf 85' lang='lat' dir='ltr'>eos,</span> <span class='ocrx_word' id='word_1_234' title='bbox 246 2178 333 2226; x_wconf 81' lang='lat' dir='ltr'>solosque</span> <span class='ocrx_word' id='word_1_235' title='bbox 344 2190 363 2216; x_wconf 78' lang='lat' dir='ltr'>se</span> <span class='ocrx_word' id='word_1_236' title='bbox 372 2183 389 2216; x_wconf 84' lang='lat' dir='ltr'>et</span> <span class='ocrx_word' id='word_1_237' title='bbox 397 2184 427 2216; x_wconf 81' lang='lat' dir='ltr'>stu</span> <span class='ocrx_word' id='word_1_238' title='bbox 435 2180 469 2216; x_wconf 77' lang='grc'><strong>1115</strong></span> <span class='ocrx_word' id='word_1_239' title='bbox 479 2180 521 2215; x_wconf 65' lang='lat' dir='ltr'>stris</span> <span class='ocrx_word' id='word_1_240' title='bbox 529 2179 599 2227; x_wconf 78' lang='lat' dir='ltr'>dipaos</span> <span class='ocrx_word' id='word_1_241' title='bbox 606 2176 641 2215; x_wconf 88' lang='lat' dir='ltr'>ait.</span> <span class='ocrx_word' id='word_1_242' title='bbox 670 2176 715 2214; x_wconf 86' lang='lat' dir='ltr'>Nec</span> 
     </span>
     <span class='ocr_line' id='line_1_32' title="bbox 16 2247 715 2298; baseline -0.001 -13"><span class='ocrx_word' id='word_1_243' title='bbox 16 2252 162 2285; x_wconf 76' lang='lat' dir='ltr'>30va1t0usce1e-</span> <span class='ocrx_word' id='word_1_244' title='bbox 198 2247 327 2298; x_wconf 79' lang='lat' dir='ltr'>proiectione</span> <span class='ocrx_word' id='word_1_245' title='bbox 352 2247 422 2296; x_wconf 86' lang='lat' dir='ltr'>dilata,</span> <span class='ocrx_word' id='word_1_246' title='bbox 445 2251 469 2286; x_wconf 91' lang='lat' dir='ltr'>ut</span> <span class='ocrx_word' id='word_1_247' title='bbox 491 2247 583 2298; x_wconf 88' lang='lat' dir='ltr'>primum</span> <span class='ocrx_word' id='word_1_248' title='bbox 601 2247 715 2297; x_wconf 76' lang='lat' dir='ltr'>Cassiopen</span> 
     </span>
     <span class='ocr_line' id='line_1_33' title="bbox 46 2304 715 2369; baseline 0.001 -15"><span class='ocrx_word' id='word_1_249' title='bbox 46 2304 129 2361; x_wconf 28' lang='lat' dir='ltr'>aratinus.</span> <span class='ocrx_word' id='word_1_250' title='bbox 197 2317 286 2365; x_wconf 87' lang='lat' dir='ltr'>traiecit,</span> <span class='ocrx_word' id='word_1_251' title='bbox 301 2317 372 2369; x_wconf 86' lang='lat' dir='ltr'>statim</span> <span class='ocrx_word' id='word_1_252' title='bbox 385 2318 412 2356; x_wconf 86' lang='lat' dir='ltr'>ad</span> <span class='ocrx_word' id='word_1_253' title='bbox 424 2330 481 2356; x_wconf 88' lang='lat' dir='ltr'>aram</span> <span class='ocrx_word' id='word_1_254' title='bbox 493 2317 550 2355; x_wconf 76' lang='lat' dir='ltr'>Iouis</span> <span class='ocrx_word' id='word_1_255' title='bbox 563 2316 620 2356; x_wconf 82' lang='lat' dir='ltr'>Casii</span> <span class='ocrx_word' id='word_1_256' title='bbox 631 2319 715 2356; x_wconf 86' lang='lat' dir='ltr'>cantare</span> 
     </span>
     <span class='ocr_line' id='line_1_34' title="bbox 47 2380 750 2438; baseline -0.003 -13"><span class='ocrx_word' id='word_1_257' title='bbox 47 2387 173 2437; x_wconf 86' lang='lat' dir='ltr'>auspicatus,</span> <span class='ocrx_word' id='word_1_258' title='bbox 180 2380 294 2425; x_wconf 86' lang='lat' dir='ltr'>certamina</span> <span class='ocrx_word' id='word_1_259' title='bbox 300 2387 397 2438; x_wconf 85' lang='lat' dir='ltr'>deinceps</span> <span class='ocrx_word' id='word_1_260' title='bbox 404 2387 456 2426; x_wconf 90' lang='lat' dir='ltr'>obiit</span> <span class='ocrx_word' id='word_1_261' title='bbox 462 2387 537 2426; x_wconf 88' lang='lat' dir='ltr'>omnia.</span> <span class='ocrx_word' id='word_1_262' title='bbox 560 2382 621 2425; x_wconf 65' lang='lat' dir='ltr'>&#39;Nam</span> <span class='ocrx_word' id='word_1_263' title='bbox 632 2389 653 2425; x_wconf 89' lang='lat' dir='ltr'>et</span> <span class='ocrx_word' id='word_1_264' title='bbox 663 2398 715 2437; x_wconf 89' lang='lat' dir='ltr'>quae</span> <span class='ocrx_word' id='word_1_265' title='bbox 725 2390 750 2423; x_wconf 86' lang='lat'>23</span> 
     </span>
    </p>
   </div>
   <div class='ocr_carea' id='block_1_6' title="bbox 0 0 764 2600">
    <p class='ocr_par' dir='ltr' id='par_1_6' title="bbox 0 0 764 2600">
     <span class='ocr_line' id='line_1_35' title="bbox 0 0 764 2600; baseline 0 0"><span class='ocrx_word' id='word_1_266' title='bbox 0 0 764 2600; x_wconf 95' lang='lat' dir='ltr'> </span> 
     </span>
    </p>
   </div>
  </div>
 </body>
</html>
