1520 2600
220 122 343 166 1111111111.
379 122 398 155 o.
416 121 547 155 61111111.
689 114 718 157 41

14 245 69 279 1461
86 239 193 279 alumnum
210 238 374 289 appellantium
394 238 530 288 ingressoque
548 238 627 286 urbem,
645 238 717 276 statim

48 321 150 349 consensu
164 312 248 347 senatus
262 312 283 347 et
296 307 432 358 irrumpentis
442 307 464 345 in
475 307 553 346 curiam
562 308 642 356 turbae,
652 307 718 346 inrita

48 378 127 419 Tiberii
138 378 252 428 voluntate,
263 378 300 428 qui
309 381 436 416 testamento
446 378 536 415 alterum
546 381 645 430 nepotum
656 390 717 416 suum

47 451 203 501 praetextatum
219 447 287 486 adhuc
302 447 426 486 coheredem
444 447 463 485 61
480 447 571 495 dederat,
586 447 619 485 ius
636 447 717 486 arbitri-

48 531 123 570 umque
138 518 231 557 omnium
245 530 313 556 rerum
328 516 362 555 illi
376 517 501 568 permissum
516 522 553 576 est,
563 520 623 555 tanta
632 517 737 568 publica5

47 589 129 629 laetitia
143 592 167 627 ut
180 588 247 626 tribus
262 587 363 638 proximis
377 586 484 625 mensibus
497 599 521 625 16
534 599 560 625 16
570 587 621 625 totis
632 587 716 637 quidem
742 581 744 584 ’

17 656 18 659 '
47 656 714 710 supracentumsexaginta'miliauictimarumcaesatratlautur.

74 729 127 769 Cum'
139 728 215 767 deinde
229 740 306 779 paucos
320 732 369 779 post
381 727 426 766 dies
439 727 462 765 in
473 726 579 777 proximas
590 727 716 778 Campaniae

46 799 126 838 insulas
135 798 259 846 traiecisset,
267 802 317 836 vota
327 810 364 847 pro
374 797 443 835 reditu
453 801 553 848 suscepta
560 801 615 846 sunt,
623 809 649 835 ne
657 797 717 836 mini-

47 882 101 907 mam
118 868 202 918 quidem
218 868 348 906 occasionem
362 880 466 917 quoquam
482 867 592 905 omittente
607 868 630 905 in
644 867 717 906 testifi-
727 871 746 900 10

47 939 113 978 cauda
132 937 274 976 sollicitudine
294 940 314 976 et
333 949 382 975 cura
401 937 426 975 cle
445 936 589 975 incolumitate
606 936 656 975 eius.
685 938 716 977 Ut

46 1021 95 1047 vero
114 1008 137 1046 in
155 1008 265 1046 aduersam
282 1007 425 1046 valetudinem
443 1006 525 1056 incidit,
544 1007 715 1057 pernoctantibus

46 1078 127 1116 cunctis
141 1077 196 1115 circa
208 1076 321 1125 Palatium,
331 1090 373 1115 non
386 1077 499 1115 defuerunt
512 1076 548 1127 qui
561 1063 715 1126 depugnaturos

47 1160 69 1186 se
82 1146 146 1185 armis
158 1159 196 1197 pro
208 1146 275 1186 salute
289 1146 346 1197 aegri
356 1146 434 1197 quique
444 1146 514 1197 capita
523 1159 561 1185 sua
571 1145 634 1189 titulo
644 1159 716 1198 propo

47 1217 87 1255 sito
102 1220 208 1255 voverent.
236 1216 333 1256 Accessit
349 1217 375 1255 ad
390 1216 515 1254 immensum
531 1216 608 1254 civium
625 1223 745 1255 1116161115

46 1286 145 1325 notabilis
160 1286 224 1324 etiam
239 1290 371 1324 externorum
385 1286 452 1324 fauor.
484 1286 581 1341 Namque
595 1287 715 1326 Artabanus

46 1356 173 1395 Parthorum
191 1369 234 1405 rex,
253 1355 324 1394 odium
344 1368 425 1406 semper
443 1359 629 1407 contemptumque
644 1357 716 1395 Tiberi

46 1438 95 1475 prae
110 1438 132 1464 se
146 1427 222 1474 ferens,
233 1425 347 1464 amicitiam
361 1425 425 1464 huius
438 1425 494 1464 ultro
508 1426 570 1475 petiit
580 1426 679 1476 venitque
688 1427 715 1465 ad

46 1494 173 1545 colloquium
187 1494 252 1545 legati
267 1494 389 1544 consularis7
400 1498 421 1533 61
435 1498 578 1544 transgressus
592 1495 715 1546 Euphraten

46 1564 126 1615 aquilas
137 1568 158 1603 et
168 1565 228 1614 signa
237 1564 333 1604 Romana
340 1564 493 1615 Caesarumque
502 1564 605 1615 imagines
613 1566 714 1605 adoravit.
726 1573 745 1603 ac

13 1636 36 1668 15
72 1635 201 1673 Incendebat
214 1638 235 1672 et
248 1634 293 1685 ipse
303 1634 374 1673 studia
383 1634 491 1678 homiuum
501 1635 558 1672 omni
568 1647 642 1684 genere
651 1648 716 1686 popu-

45 1702 142 1742 laritatis.
170 1703 253 1743 Tiberio
261 1716 308 1742 611111
317 1703 415 1755 plurimis
425 1703 517 1743 lacrimis
527 1716 565 1755 pro

45 1774 141 1812 contione
161 1774 247 1813 laudato
268 1774 407 1825 funeratoque
429 1774 564 1826 amplissime,

46 1831 157 1882 confestim
166 1844 315 1882 Pandatariam
325 1847 346 1882 et
358 1843 445 1883 Pontias
459 1844 486 1883 ad
498 1847 564 1883 trans-

45 1912 142 1953 ferendos
156 1913 229 1953 matris
244 1914 358 1968 fratrisque
369 1914 449 1953 cineres
462 1914 579 1964 festinavit,
589 1918 714 1966 tempestate
725 1926 745 1955 25

45 1983 134 2032 turbida,
143 1997 184 2035 quo
191 1984 257 2034 magis
264 1985 332 2036 pietas
340 1985 447 2034 emineret,
456 1985 549 2036 adiitque
555 1986 713 2024 venerabundus

45 2063 69 2091 ac
77 2065 115 2103 per
122 2058 188 2093 semet
195 2055 218 2093 in
225 2067 288 2094 urnas
295 2055 400 2105 condidit3
412 2067 449 2094 nec
457 2055 537 2093 minore
546 2067 621 2094 scaena
627 2055 713 2108 Ostiam,

44 2123 137 2172 praefixo
147 2125 169 2163 in
178 2125 264 2165 biremis
275 2138 345 2177 puppe
354 2125 438 2175 uexillo,
450 2129 471 2164 et
481 2126 529 2164 inde
541 2126 629 2164 Romam
643 2125 714 2164 Tiberi

582 1759 642 1791 conns
652 1768 704 1799 popu-

581 1810 634 1847 larity

45 2192 160 2244 subvectos,
166 2207 204 2245 per
211 2195 405 2245 splendidissimum
413 2207 516 2246 quemque
524 2196 627 2246 equestris
634 2195 713 2234 ordinis

45 2262 113 2302 medio
123 2276 146 2303 ac
156 2264 263 2316 frequenti
273 2265 307 2304 die
317 2265 397 2305 duobus
411 2265 497 2305 ferculis
512 2265 620 2305 Mausoleo
633 2265 713 2314 intulit,
725 2278 744 2308 ao

44 2331 172 2385 inferiasque
188 2336 215 2375 iis
228 2348 298 2375 annua
315 2336 417 2385 religione
435 2336 519 2386 publice
536 2335 636 2384 instituit,
652 2340 673 2374 et
690 2349 713 2374 eo

45 2402 134 2452 amplius
151 2404 214 2443 matri
231 2404 338 2445 Circenses
355 2409 519 2456 carpentumque
538 2418 578 2456 quo
597 2405 620 2444 in
637 2418 714 2457 pompa
