1520 2600
29 116 57 158 24
81 124 101 158 C.
118 124 221 158 tuntum
236 125 388 165 TRANQUILLI
404 126 436 158 DE
452 127 513 158 vtTn
529 126 663 159 CAESAREM
681 174 696 185 θ

29 243 64 278 tus
81 239 156 288 insula,
174 240 229 290 quod
245 252 286 278 uno
305 253 411 291 paruoque
430 241 492 280 iitore
511 242 610 291 adiretur7
627 247 700 294 saepta

29 310 122 361 nudique
135 310 254 361 praeruptis
268 310 381 350 immensae
395 311 515 351 altitudinis
527 312 614 363 rupibus
625 317 646 352 et
655 327 700 365 pro

29 382 96 420 fundo
110 382 168 419 mari.
199 381 315 431 Statimque
332 387 443 420 revocante
459 382 545 421 assidua
561 383 700 424 obtestatione

30 453 107 504 populo
121 457 206 504 propter
220 452 306 501 cladem,
317 466 359 503 qua
372 453 429 503 apud
442 453 534 492 Fidenas
548 468 612 505 supra
623 455 700 504 viginti

9 523 138 561 5hominum
155 523 214 561 milia
230 522 354 572 gladiatorio
369 535 455 562 munere
471 523 623 575 amphitheatri
639 524 701 564 ruina

29 594 141 645 perierant,
156 593 241 632 transiit
257 594 280 631 in
296 593 438 632 continentem
453 598 621 646 potestatemque
637 596 701 634 omni-

29 663 68 702 bus
78 663 169 702 adeundi
181 664 214 702 sni
227 663 289 702 feeit:
304 667 364 702 tanto
376 664 448 713 magis,
460 664 516 714 quod
528 665 579 703 urbe
591 665 700 714 egrediens

29 746 55 773 ne
68 734 105 785 qui
118 746 139 773 se
154 733 299 785 interpellaret
313 733 407 773 edixerat
420 746 443 773 ao
456 737 501 773 toto
514 734 590 774 itinere
603 736 700 774 adeuntis

30 805 168 844 submoverat.

0 884 19 913 ιο
56 875 172 925 Regressus
182 874 204 913 in
212 874 309 924 insulam,
317 875 348 913 rei
357 874 453 926 pubiiuae
463 875 547 925 quidem
556 888 626 914 euram
633 889 700 926 usque
710 883 735 914 41

30 945 81 984 adeo
97 945 179 994 abieoit,
194 949 218 983 nt
234 948 307 995 postea
322 958 364 984 non
381 945 476 984 decurias
491 945 585 995 equitum
602 959 701 996 umquam

30 1014 140 1065 supplerit,
150 1027 192 1052 non
205 1014 300 1053 tribunos
315 1013 407 1052 miiitum
422 1014 586 1065 praefectosque,
597 1028 640 1053 non
656 1028 701 1066 pro

181 1083 297 1122 vinoiarum
307 1084 414 1135 praesides
425 1084 480 1123 ulios
495 1085 613 1134 mutaverit,
624 1085 701 1136 Hispa-

181 1153 238 1192 niam
258 1157 280 1192 et
303 1153 386 1204 Syriam
408 1166 445 1204 per
465 1153 545 1204 aliquot
567 1167 632 1193 anuos
656 1156 701 1193 sine

10 1224 174 1265 toonsuiaribus
187 1223 262 1273 legatis
275 1223 378 1272 habuerit,
387 1223 508 1262 Armeniam
522 1236 534 1262 a
546 1224 632 1263 Parthis
644 1237 701 1264 ouon-

30 1296 82 1347 pari,
93 1294 195 1334 Moesiam
210 1306 222 1332 a
235 1293 298 1333 Daois
314 1293 462 1344 Sarmatisque,
473 1294 554 1332 Gallias
565 1307 578 1332 a
590 1294 701 1333 Germanis

30 1365 110 1405 vastari
123 1363 245 1414 neglexerit,
262 1375 338 1413 magno
353 1363 452 1402 dedecore
471 1363 555 1414 imperii
568 1376 607 1402 nee
621 1364 701 1416 minore

31 1435 156 1475 discrimine.
186 1434 283 1473 Ceterum
297 1432 371 1471 seoreti
384 1432 493 1471 licentiam
505 1438 594 1472 nanetus
608 1440 629 1472 et
641 1434 702 1483 quasi
710 1441 736 1473 42

31 1505 124 1544 eivitatis
134 1503 200 1543 oeulis
211 1507 308 1551 remotus,
316 1507 392 1541 cuneta
401 1502 465 1541 simul
472 1502 525 1541 titia
534 1503 588 1541 male
597 1504 632 1541 diu
642 1504 702 1542 dissi—

1 1579 21 1609 20
182 1573 262 1612 mutata
271 1572 357 1611 tandem
366 1572 470 1622 protudit:
486 1572 511 1610 de
522 1572 598 1623 quibus
610 1573 702 1623 singilia-

31 1629 61 1658 His
69 1628 140 1666 dissipa-

31 1678 67 1707 tion

30 1127 103 1166 capreae

182 1643 221 1681 tim
231 1642 257 1680 ab
265 1642 350 1680 exordio
357 1642 452 1680 referam.
477 1642 504 1680 In
510 1642 583 1681 east-ris
591 1643 631 1681 'tiro
638 1642 701 1681 etiam

182 1716 228 1750 tum
246 1716 331 1763 propter
352 1712 438 1750 nimiam
454 1711 501 1749 vini
521 1712 645 1751 ariditatem
663 1725 702 1763 pro

32 1782 115 1820 Tiberio
122 1784 222 1830 Bitenas,
228 1794 265 1832 pro
273 1781 361 1820 Claudio
369 1781 457 1830 Cnidius.
466 1793 504 1832 pro
511 1781 595 1820 Nerone
603 1782 661 1820 Mero
669 1794 703 1820 ro

32 1853 122 1891 uebatur.
151 1852 228 1890 Postea
237 1851 333 1902 prinoeps
343 1851 365 1889 iu
375 1851 422 1901 ipsa
431 1851 561 1901 publicorum
571 1864 653 1889 morum
660 1864 703 1890 eor-

1 1930 20 1959 ‘35
32 1922 124 1960 reotioue
142 1934 188 1960 oum
210 1922 326 1971 Pomponio
347 1921 422 1959 Flacco
441 1925 462 1959 et
480 1921 504 1958 L.
523 1920 601 1959 Pisone
619 1927 701 1960 nootem

32 1989 195 2041 continuumque
208 1991 295 2029 biduum
306 1990 409 2041 epulando
420 1990 553 2041 potandoque
566 1991 701 2042 consumpsit,

32 2073 119 2111 quorum
136 2060 197 2099 alteri
216 2060 298 2111 Syriam
317 2060 453 2111 provinciam,
469 2059 531 2098 alteri
547 2060 701 2110 praetenturam

31 2131 89 2170 urbis
104 2131 214 2169 confestim
230 2130 311 2179 detulit,
327 2129 429 2168 oodioissis
443 2142 526 2179 quoque
539 2130 702 2169 ineundissnnos

32 2205 53 2239 et
72 2200 164 2238 omnium
183 2200 280 2238 horarum
300 2185 376 2237 amieos
395 2199 509 2249 professus.
545 2198 614 2237 Sestio
633 2198 701 2248 Galla,
752 2226 757 2229 -

2 2279 21 2308 30
31 2270 145 2309 libidinoso
154 2282 177 2308 ao
187 2269 273 2320 prodigo
284 2269 335 2316 seni,
344 2268 393 2306 oiim
404 2268 430 2307 ab
439 2269 534 2318 Augusto
543 2268 659 2317 ignominia
668 2281 702 2307 no

32 2344 76 2379 tato
91 2344 112 2378 et
128 2352 140 2378 a
155 2351 177 2378 se
194 2343 242 2377 ante
257 2351 334 2389 paucos
350 2338 394 2376 dies
410 2337 466 2388 apud
482 2342 577 2376 senatum
592 2337 701 2388 increpito,

32 2422 104 2447 uenam
117 2420 142 2446 eu
155 2408 200 2456 Iege
213 2407 314 2455 condixit,
325 2419 351 2445 ue
363 2407 414 2457 quid
427 2404 457 2444 ex*
466 2406 616 2445 consuetudine
629 2407 703 2445 immu-
