1520 2600
18 126 46 167 84
69 134 88 167 c.
105 134 209 168 suarem
224 135 377 176 runuoumnr
392 112 501 170 1111111
517 137 652 170 onesinum
679 180 682 184 ι

44 249 74 287 At
84 250 107 287 in
119 253 184 289 semet
196 251 290 299 augendo
301 264 375 301 parcus
390 255 453 301 atque
468 251 543 301 civilis,
553 253 688 303 praenomine
699 256 723 289 12

18 319 154 370 Imperatoris
162 320 270 369 abstinuit,
278 321 354 360 nimios
364 321 453 361 honores
463 321 574 371 recusavit,
583 321 689 373 sponsalia

104 442 108 447 ⁸
168 390 224 429 filiae
240 391 372 441 natalemque
381 377 454 441 'geniti
468 392 551 443 nepotis
567 391 651 432 silentio
666 405 689 433 ac

17 442 132 481 unassunung
169 463 252 499 tantum
267 460 382 500 domestica
397 461 497 512 religione
513 463 620 512 transegit.
642 450 694 517 Ne?

17 493 87 522 conduct

169 530 246 569 minem
260 530 357 570 exsulum
369 531 411 571 nisi
425 544 450 570 61
466 536 551 571 senatus
565 534 689 573 auctoritate

17 599 116 639 restituit.
147 599 178 638 Ut
192 598 233 637 sibi
246 598 269 637 in
280 599 358 637 curiam
370 599 499 650 praefectum
514 599 613 649 praetorii
625 599 689 638 tribu-

18 682 97 720 nosque
107 668 200 708 militum
210 681 279 707 secum
290 667 387 719 inducere
397 668 476 719 liceret,
486 673 551 722 utque
561 674 607 710 rata
619 674 689 711 essent

18 752 71 791 quae
85 742 228 790 procuratores
243 738 276 777 sui
290 738 313 775 in
330 737 442 778 iudicando
459 743 582 790 statuerent,
596 740 690 792 precario
720 771 722 774 v

19 809 93 860 eregit.
123 795 556 860 lusnundinarnminprivatapraediaa
570 810 689 849 oonsulibus
729 832 731 834 v

18 880 78 930 petit.
105 877 264 928 Cognitionibus
274 879 435 928 magistratuum
446 882 470 917 ut
479 892 533 919 unus
543 891 554 917 e
564 880 689 918 consiliariis

19 950 140 1000 frequenter
153 948 262 997 interfuit,
278 949 361 987 eosdem
374 949 493 999 spectacula
507 949 588 988 edentis
603 962 690 1000 surgens

19 1023 40 1058 et
53 1019 99 1070 ipse
114 1032 160 1058 cum
178 1022 247 1057 cetera
263 1018 326 1057 turba
339 1005 395 1057 voce
407 1031 431 1057 ac
447 1031 511 1057 manu
524 1024 635 1058 veneratus
652 1024 690 1058 est.

20 1089 118 1128 Tribunis
135 1087 202 1140 plebis
220 1088 345 1127 adeuntibus
362 1100 384 1127 se
400 1101 438 1139 pro
456 1088 557 1149 tribunali
577 1088 690 1139 excusavit,

20 1160 171 1211 quodpropter
183 1158 292 1207 angustias
303 1171 346 1197 non
360 1162 431 1209 posset
445 1159 518 1198 audire
532 1171 566 1198 eos
581 1160 623 1198 nisi
637 1163 692 1199 stan-

0 1235 57 1269 tes,
86 1229 153 1275 Quare
170 1228 192 1267 11
208 1228 267 1268 brevi
287 1229 355 1280 spatio
374 1232 458 1267 tantum
476 1229 552 1268 amoris
571 1229 692 1281 favorisque

20 1301 110 1351 collegit,
125 1303 149 1339 ut
166 1312 213 1338 cum
230 1299 412 1351 profectnm'eum
430 1299 511 1340 Ostiam
528 1300 607 1351 perisse
623 1312 649 1339 ex
662 1300 692 1338 in-

21 1371 80 1410 sidiis
90 1370 212 1409 nuntiatum
225 1373 287 1419 esset,
297 1382 374 1419 magna
385 1369 552 1418 consternatione
566 1360 656 1421 populus
671 1374 692 1415 et

21 1441 110 1480 militem
125 1440 185 1492 quasi
199 1440 333 1491 proditorem,
346 1443 367 1478 et
382 1442 477 1479 senatum
491 1439 552 1490 quasi
566 1432 691 1490 parricidam

21 1512 73 1551 diris
88 1511 254 1551 execrationibus
269 1510 372 1550 incessere
385 1523 428 1549 non
442 1512 491 1549 ante
505 1510 617 1559 destiterit,
629 1515 691 1561 quani

3 1592 7 1615 Ι
21 1595 75 1621 unus
85 1586 147 1633 atque
157 1582 211 1621 alter
221 1586 242 1620 et
251 1595 301 1620 mox
309 1581 387 1632 plures,
398 1593 411 1619 a
420 1578 578 1629 magistratibus
589 1579 610 1619 11
624 1583 693 1619 111111

20 1652 123 1704 producti,
134 1652 216 1691 salvum
226 1655 247 1691 et
257 1650 425 1703 appropinquare
436 1649 568 1689 affirmarent.

2 1716 5 1719 ¹
47 1724 92 1762 Nec
102 1727 173 1762 tamen
182 1735 256 1774 expers
268 1721 393 1761 insidiarum
406 1732 556 1771 usquequaque
570 1721 691 1771 permansit,
702 1730 738 1763 131

22 1795 59 1833 sed
68 1798 89 1833 et
98 1807 111 1832 a
120 1793 209 1844 singulis
219 1797 241 1832 61
249 1806 286 1844 per
299 1791 413 1832 factionem
425 1794 446 1830 61
460 1789 550 1841 denique
564 1790 623 1830 civili
636 1790 692 1830 bello

76 1909 79 1915 Ι
110 1908 113 1914 ,
171 1864 285 1903 infestatus
300 1867 337 1903 est.
366 1861 458 1913 Eplebe
472 1860 535 1900 homo
548 1864 609 1900 nocte
623 1861 693 1900 media
710 1916 713 1919 .

20 1909 134 1999 {gfflffi
170 1934 231 1973 iuxta
249 1934 366 1974 cubiculum
387 1932 431 1971 eius
451 1944 498 1970 cum
514 1931 605 1982 pugione
621 1931 692 1982 depre-

170 2005 249 2044 hensus
261 2008 305 2054 est,
320 2002 398 2055 reperti
408 2006 429 2042 et
441 2000 545 2052 equestris
557 2000 636 2040 ordinis
651 2001 692 2040 duo

20 2076 43 2114 in
52 2076 136 2128 publico
147 2089 194 2115 cum
207 2076 283 2117 dolone
297 2064 321 2114 ao
331 2073 437 2113 venatorio
452 2073 518 2112 cultro
532 2071 691 2129 praestolantes,

20 2147 74 2187 alter
90 2151 114 2185 ut
131 2160 235 2197 egressum
251 2146 341 2195 theatro,
356 2145 409 2184 alter
425 2148 449 2183 ut
467 2143 617 2183 sacrificantem
635 2142 693 2193 apud

20 2218 96 2257 Martis
107 2218 178 2257 aedem
191 2217 317 2256 adureretur.
346 2214 524 2266 Oonspiraverunt
536 2217 606 2253 autem
617 2214 644 2252 ad
657 2226 690 2269 res

2 2298 6 2321 ¹
20 2301 84 2328 noras
97 2287 172 2326 Gallus
184 2286 271 2326 Asinius
282 2289 304 2325 et
319 2284 416 2324 Statilius
431 2284 539 2332 Corvinus,
550 2283 653 2323 Pollionis
667 2295 691 2323 ac

20 2358 124 2397 Messalae
140 2360 245 2396 oratorum
260 2359 353 2406 nepotes,
368 2354 482 2406 assumptis
497 2354 639 2404 compluribus
653 2353 691 2394 iib-

20 2429 71 2469 ertis
88 2429 155 2480 ipsius
172 2431 235 2479 atque
252 2426 323 2466 servis.
352 2425 436 2465 Bellum
453 2424 514 2464 civile
531 2425 597 2466 movit
613 2425 690 2466 Furius
