1520 2600
61 121 89 163 58
115 130 134 163 e.
148 129 253 163 suurour
268 129 418 170 rnanournnr
431 131 464 162 nn
478 130 539 163 vrrs
552 129 687 163 cassanen

61 244 189 294 subornavit,
199 245 236 295 qui
245 245 397 294 ingredientem
406 245 485 284 curiam
495 248 580 296 repente
589 244 672 284 hostem
681 244 731 296 pub

36 349 42 362 ,
61 314 125 353 licum
134 315 264 365 appellantes
272 315 402 364 invaderent,
411 315 545 366 graphiisque
553 315 672 354 confossum
679 315 731 353 lace-

61 385 148 423 randum
164 383 238 423 ceteris
256 384 375 433 traderent,
394 395 432 422 nec
448 386 496 422 ante
512 384 600 423 satiatus
617 387 649 423 est
668 396 730 435 quarn

60 455 154 493 membra
163 457 184 493 et
194 457 251 492 artus
261 456 283 491 et
290 453 371 492 viscera
379 453 471 492 hominis
481 457 549 492 tracta
558 466 595 504 per
603 454 659 493 vicos
667 458 730 505 atque

40 527 109 563 tante
126 536 148 562 se
164 527 261 572 congesta
274 522 369 562 vidisset.
397 523 559 562 immanissima
569 523 626 562 facta
642 524 730 573 augebat
739 527 760 559 2·

60 594 170 632 atrocitate
180 593 295 632 verborum.
323 592 386 631 Nihil
399 592 465 643 magis
476 592 498 631 in
510 596 585 632 natura
598 606 636 632 sua
645 593 731 633 laudare

61 676 83 702 se
93 676 117 702 ac
126 664 213 713 probare
226 663 309 702 dicebat
322 675 390 712 quam,
400 666 424 701 ut
436 662 502 713 ipsius
512 664 576 702 uerbo
584 666 641 721 utar,
651 664 731 714 ἀδιατρε-

60 735 104 784 dtur
118 733 167 784 [boc
182 737 214 772 est
226 732 413 785 inverecundiam}
442 732 538 771 Monenti
552 732 657 783 Antoniae
671 733 736 781 aviae,

60 807 167 854 tamquam
181 815 255 854 parum
267 806 322 842 esset
334 815 377 841 non
389 802 496 841 oboedire:
512 804 612 842 Memento
622 803 652 842 ait
662 806 731 842 ourrrio

31 882 50 911 10
61 875 112 911 mitt
130 879 148 911 et
166 876 188 911 ia
206 875 272 912 eruaris
291 874 362 911 licere!
389 873 539 912 Trucidaturus
558 874 651 922 fratrem,
669 886 730 924 quern

18 975 23 979 .
61 946 118 981 metu
127 955 253 981 venenorum
264 942 393 993 praemuniri
404 942 562 982 medicamentis
574 943 729 994 suspicabatur:

60 1013 181 1051 Antidotzuu
194 1012 264 1063 inquit
278 1015 374 1051 aduersus
390 1012 510 1051 Caesarem?
537 1013 646 1061 Relegatis
659 1012 731 1051 sorori-

60 1082 99 1120 bus
112 1095 153 1119 acu
167 1083 231 1120 soleant
245 1084 322 1120 trituras
335 1083 406 1120 tubere
421 1094 447 1130 se,
458 1084 492 1120 sed
505 1084 565 1120 etiam
577 1083 655 1132 electros
667 1082 731 1120 mina-

60 1152 126 1190 batur.
155 1151 286 1189 Praetorium
302 1151 371 1189 virum
388 1163 414 1189 ex
430 1163 513 1190 secessu
531 1151 652 1202 Anticyrae,
668 1164 730 1202 quarn

31 1231 50 1260 15
60 1221 188 1260 valetudinis
207 1233 269 1259 causa
287 1220 382 1271 petierat,
401 1221 511 1271 propagari
532 1220 573 1260 sibi
593 1225 731 1260 commeatum

61 1291 144 1341 saepius
160 1290 313 1329 desiderantem
330 1303 377 1329 cum
396 1291 516 1330 mandasset
532 1291 630 1340 interimi,
647 1291 730 1339 adiecit,

60 1362 194 1399 necessariora
213 1372 254 1399 esse
271 1363 377 1411 sesquatis
393 1363 514 1409 ruisstcrrera,
531 1363 565 1399 oui
580 1366 622 1399 tour
638 1363 674 1399 clia
690 1374 731 1399 arca

57 1434 160 1481 prodesset
174 1432 285 1469 elleborum.
314 1431 401 1469 Decimo
414 1443 496 1481 quoque
507 1430 541 1469 die
553 1442 662 1470 numerum
672 1430 731 1482 puni-

61 1501 161 1539 endorum
180 1514 206 1539 ex
221 1501 316 1540 custodia
335 1500 474 1550 subscribens,
491 1504 590 1540 rationein
608 1514 628 1540 se
643 1513 731 1552 prta-qare

30 1571 148 1611 acdioebat.
178 1571 246 1611 Gallis
269 1571 396 1622 Graecisque
415 1571 496 1622 aliquot
513 1584 555 1610 uno
573 1574 667 1622 ternpore
686 1584 731 1610 con-

61 1640 171 1690 demnatis,
187 1641 320 1691 gloriabatur,
338 1641 498 1691 Gulloqroecr'unr
514 1654 534 1680 se
550 1643 653 1691 subrutae.
681 1641 730 1679 Non
740 1653 760 1684 31

61 1715 139 1750 temere
150 1711 172 1749 in
185 1723 311 1761 quemquam
326 1711 368 1750 nisi
381 1711 458 1750 crebris
471 1716 492 1750 et
503 1711 590 1750 minutis
602 1710 678 1751 ictibus
690 1711 732 1750 ani-

61 1781 164 1820 madverti
173 1794 247 1832 passus
257 1785 293 1830 est,
301 1785 403 1833 perpetuo
413 1785 504 1832 notoque
512 1782 553 1820 iam
563 1784 685 1833 praecepto:
698 1782 732 1820 Itu

57 1854 100 1901 fert
111 1857 133 1890 ot
145 1864 165 1890 se
178 1854 231 1890 rucrr'
243 1853 328 1891 sentiet!
343 1851 423 1891 Punito
436 1864 473 1903 per
486 1864 576 1891 errorem
587 1851 678 1891 nominis
690 1851 731 1890 alio

31 1933 50 1964 25
62 1934 124 1972 quam
139 1934 201 1971 quem
215 1921 363 1972 destinauerat,
377 1922 447 1973 ipsum
462 1934 544 1973 quoque
558 1921 618 1973 paria
630 1921 731 1960 meruisse

62 1991 122 2031 dixit.
152 1991 263 2041 Tragicum
272 1991 326 2031 illud
336 1992 424 2032 subinde
434 1993 536 2032 iactabat:

265 2063 354 2112 Oderint,
366 2066 414 2102 dreia
425 2065 528 2103 ructuant!

62 2133 128 2184 Saepe
138 2132 161 2171 in
170 2138 255 2173 cunctos
269 2133 348 2184 pariter
362 2137 474 2182 senatores,
484 2137 508 2173 ut
522 2133 592 2173 Seiani
605 2133 694 2184 clientis,
708 2136 732 2171 ut

61 2204 134 2243 matris
145 2215 168 2243 ac
178 2204 268 2243 fratrum
278 2216 362 2243 suorum
373 2204 482 2253 delatores,
492 2205 587 2248 invectus
598 2208 635 2254 est,
643 2203 731 2255 prolatis
755 2192 756 2195 ¹

32 2283 51 2313 30
62 2273 146 2323 libellis,
164 2286 216 2325 quos
234 2278 334 2313 crematos
354 2274 496 2324 simulaverat,
514 2274 642 2325 defensaque
660 2274 731 2313 Tiberi

63 2344 152 2383 saeuitia
165 2343 226 2395 quasi
238 2344 361 2394 necessaria,
372 2356 419 2383 oum
431 2348 463 2383 tot
476 2344 636 2383 criminantibus
651 2345 732 2383 creden-

62 2414 113 2452 dum
127 2418 187 2453 esset.
216 2414 341 2465 Equestrem
355 2414 448 2459 ordinem
463 2417 492 2458 ut,
502 2426 587 2456 scaenae
601 2413 732 2465 harenaeque
