1520 2600
688 23 696 38 ἱ

63 74 95 129 62
118 95 137 128 c.
154 94 258 128 sunroru
273 93 426 134 1111111111
441 95 474 126 nr
490 95 551 127 iura
567 95 702 129 cansarum

67 211 111 250 dies
122 209 200 261 sparsit
209 210 232 248 in
244 209 331 260 plebem.
360 209 481 249 Fabricavit
492 213 512 248 et
525 210 604 249 deceris
614 211 736 251 Liburnicas

66 281 177 330 gemmatis
196 280 315 336 puppibus,
327 279 487 318 versicoloribus
507 280 566 329 velis,
586 293 661 330 magna
683 281 738 320 ther-

66 363 148 390 marum
162 353 184 388 et
198 349 316 400 porticuum
331 353 352 388 et
365 349 505 388 tricliniorum
519 349 607 389 laxitate
621 363 737 401 magnaque

67 422 131 461 etiam
141 420 217 460 vitium
229 423 250 459 11
261 419 412 471 pomiferarum
424 420 520 459 arborum
533 420 646 471 varietate;
662 421 737 471 quibus

45 492 198 530 5discumbens
219 490 244 528 de
261 489 295 528 die
311 490 366 528 inter
385 490 458 529 choros
477 502 501 529 ac
520 490 656 541 symphonias
675 491 738 530 litora

67 561 192 612 Campaniae
210 563 335 611 peragraret.
364 560 390 598 in
400 560 577 600 exstructionibus
587 560 738 612 praetoriorum

67 635 129 682 atque
140 631 244 678 villarum,
252 631 309 668 omni
316 630 396 668 ratione
406 630 533 680 posthabita,
540 631 595 669 nihil
604 634 649 669 tam
658 630 737 669 efficere

67 701 226 751 concupiscebat
234 712 297 751 quam
305 700 361 750 quod
366 712 427 751 posse
434 700 486 738 effici
492 704 608 750 negaretur.
634 702 663 739 Et
670 700 737 739 iactae

67 772 138 822 itaque
151 771 216 810 moles
229 771 307 809 infesto
321 783 344 809 ac
356 771 460 821 profundo
472 770 531 819 mari,
545 775 566 809 et
579 770 660 810 excisae
675 783 737 821 rupes

36 850 56 880 10
67 842 176 880 durissimi
193 841 265 890 silicis,
279 845 300 879 et
317 841 386 891 campi
402 841 508 880 montibus
523 853 597 891 aggere
612 841 702 891 aequati,
717 845 738 879 et

66 912 199 962 complanata
216 910 304 950 fossuris
321 911 423 949 montium
444 911 498 960 iuga,
515 911 634 950 incredibili
651 896 737 961 ⁴quidem

29 968 34 973 ’
66 982 236 1030 oeleritate,oum
249 993 319 1019 morae
332 981 394 1031 culpa
405 981 474 1031 capite
488 982 586 1019 lueretur.
614 981 684 1019 Acme
698 981 738 1019 sin-

66 1051 115 1101 gula
128 1063 252 1099 enumerem,
264 1051 376 1089 immensas
390 1063 445 1101 opes,
458 1055 567 1101 totumque
579 1050 633 1088 illud
646 1051 677 1088 Ti.
690 1051 738 1090 Cae-

66 1122 118 1160 saris
127 1121 191 1159 vicies
201 1133 225 1159 ac
238 1119 315 1171 septies
325 1120 394 1159 milies
405 1121 524 1159 sestertium
537 1133 580 1158 non
589 1123 633 1158 toto
644 1123 737 1159 vertente

35 1199 54 1229 15
66 1204 120 1229 anno
132 1190 265 1241 absumpsit.-

92 1262 214 1300 Exhaustus
225 1260 289 1310 igitur
303 1264 365 1310 atque
375 1273 437 1311 egens
450 1261 476 1299 ad
487 1261 571 1312 rapinas
583 1260 685 1300 convertit
692 1260 757 1299 'ani-3

65 1345 128 1380 mum,
140 1331 198 1370 vario
208 1336 229 1369 et
242 1330 407 1380 exquisitissimo
421 1331 572 1369 calumniarum
586 1334 607 1369 et
617 1330 736 1369 auctionum

217 1404 238 1439 et
250 1399 385 1450 vectigalium
395 1413 475 1450 genere.
503 1401 600 1451 Negabat
611 1401 656 1439 iure
666 1400 737 1439 civita-

64 1456 129 1493 Rapine
136 1456 169 1484 and

65 1505 151 1535 exactions

35 1550 54 1580 ac
218 1540 259 1579 sibi
275 1540 407 1590 posterisque
426 1552 471 1579 eam
488 1540 642 1590 impetrassent,
659 1540 702 1579 nisi
718 1540 737 1579 si

65 1610 105 1648 filii
122 1612 197 1659 essent,
214 1622 282 1661 neque
299 1609 354 1648 enim
368 1609 463 1660 intellegi
482 1610 557 1649 debere
570 1613 664 1661 posteros
680 1610 737 1649 ultra

65 1680 121 1719 hunc
131 1680 229 1729 gradum,
244 1679 367 1731 prolataque
376 1680 478 1719 Diuorum
489 1680 532 1719 Iuli
542 1684 563 1719 et
572 1679 664 1729 Augusti
672 1680 737 1731 diple

65 1754 122 1789 mata
136 1754 160 1789 ut
176 1753 248 1789 vetera
263 1753 285 1788 et
301 1750 394 1789 obsoleta
410 1750 504 1789 deflebat.
533 1750 641 1799 Arguebat
657 1753 678 1789 et
692 1762 737 1801 per-

65 1834 135 1872 peram
149 1820 217 1860 editos
231 1832 310 1869 census,
324 1821 399 1871 quibus
412 1824 485 1871 postea
498 1833 628 1871 quacumque
640 1821 665 1859 de
675 1833 737 1860 causa

35 1902 53 1931 25
65 1892 178 1942 quicquam
192 1891 316 1930 incrementi
334 1891 462 1930 accessisset.
490 1892 626 1930 Testamenta
644 1889 737 1941 primipi-

65 1962 146 2010 larium,
155 1961 192 2012 qni
202 1961 228 2000 ab
237 1961 299 2000 initio
307 1961 377 2000 Tiberi
384 1961 514 2012 principatus
522 1974 589 2012 neque
598 1961 660 2000 illum
668 1973 736 2011 neque

216 1474 259 1508 tem
269 1471 386 1508 Romanam
395 1483 496 1521 usurpare
504 1483 544 1520 ecs,
551 1483 639 1521 quorum
649 1471 736 1509 maiores

65 2044 87 2071 se
97 2032 195 2070 heredem
208 2031 349 2082 reliquissent,
360 2035 384 2069 ut
393 2032 476 2081 ingrata
488 2031 584 2080 rescidit3
599 2031 649 2070 item
661 2035 737 2070 cetero-

64 2115 111 2140 rum
118 2105 143 2140 nt
150 2101 210 2140 irrita
219 2105 240 2140 et
248 2114 307 2152 vana,
316 2114 457 2152 quoscumque
465 2101 512 2152 quis
521 2101 599 2140 diceret
606 2101 737 2141 1111111011-

65 2185 110 2211 sare
120 2172 173 2211 mori
184 2172 307 2211 destinasse.
336 2173 381 2219 cuo
394 2175 452 2211 metu
465 2172 542 2211 iniecto
557 2184 604 2210 curn
618 2171 661 2210 iam
675 2175 696 2210 et
710 2171 736 2211 ab

34 2253 52 2283 30
64 2243 141 2292 ignotis
150 2243 205 2281 inter
212 2242 329 2282 familiares
337 2246 358 2281 et
366 2255 378 2281 a
385 2243 507 2294 parentibus
515 2242 570 2281 inter
579 2242 656 2281 liberos
665 2241 735 2292 palam

63 2314 123 2353 heres
139 2316 301 2364 nuncuparetur,
311 2313 413 2352 derisores
424 2313 516 2361 vocabat,
528 2312 583 2363 quod
597 2315 645 2363 post
658 2323 736 2350 nuncu-

64 2384 172 2435 pationem
181 2384 251 2423 virere
265 2386 429 2434 perseverarent,
440 2387 460 2422 et
474 2382 548 2422 multis
557 2385 671 2421 venenatas
685 2384 736 2420 mat
