<?xml version="1.0" encoding="UTF-8"?>
<!DOCTYPE html PUBLIC "-//W3C//DTD XHTML 1.0 Transitional//EN"
    "http://www.w3.org/TR/xhtml1/DTD/xhtml1-transitional.dtd">
<html xmlns="http://www.w3.org/1999/xhtml" xml:lang="en" lang="en">
 <head>
  <title>
</title>
<meta http-equiv="Content-Type" content="text/html;charset=utf-8" />
  <meta name='ocr-system' content='tesseract 3.04.00' />
  <meta name='ocr-capabilities' content='ocr_page ocr_carea ocr_par ocr_line ocrx_word'/>
</head>
<body>
  <div class='ocr_page' id='page_1' title='image "MN40042ucmf_5_0181.png"; bbox 0 0 1520 2600; ppageno 0'>
   <div class='ocr_carea' id='block_1_1' title="bbox 261 116 710 159">
    <p class='ocr_par' dir='ltr' id='par_1_1' title="bbox 261 116 710 159">
     <span class='ocr_line' id='line_1_1' title="bbox 261 116 710 159; baseline 0.004 -2"><span class='ocrx_word' id='word_1_1' title='bbox 261 125 383 159; x_wconf 79' lang='grc'><strong>1111111111,</strong></span> <span class='ocrx_word' id='word_1_2' title='bbox 417 125 488 158; x_wconf 77' lang='lat' dir='ltr'>uano.</span> <span class='ocrx_word' id='word_1_3' title='bbox 668 116 710 159; x_wconf 72' lang='lat'>141</span> 
     </span>
    </p>
   </div>
   <div class='ocr_carea' id='block_1_2' title="bbox 5 238 748 850">
    <p class='ocr_par' dir='ltr' id='par_1_2' title="bbox 41 238 710 293">
     <span class='ocr_line' id='line_1_2' title="bbox 41 238 710 293; baseline 0.001 -16"><span class='ocrx_word' id='word_1_4' title='bbox 41 238 115 279; x_wconf 87' lang='lat' dir='ltr'>haesit.</span> <span class='ocrx_word' id='word_1_5' title='bbox 154 242 262 292; x_wconf 82' lang='lat' dir='ltr'>Siquidem</span> <span class='ocrx_word' id='word_1_6' title='bbox 277 243 431 292; x_wconf 87' lang='lat' dir='ltr'>imagunculam</span> <span class='ocrx_word' id='word_1_7' title='bbox 446 243 567 293; x_wconf 76' lang='lat' dir='ltr'>puellarem,</span> <span class='ocrx_word' id='word_1_8' title='bbox 584 255 631 281; x_wconf 90' lang='lat' dir='ltr'>cum</span> <span class='ocrx_word' id='word_1_9' title='bbox 650 240 710 291; x_wconf 80' lang='lat' dir='ltr'>quasi</span> 
     </span>
    </p>

    <p class='ocr_par' dir='ltr' id='par_1_3' title="bbox 41 309 710 364">
     <span class='ocr_line' id='line_1_3' title="bbox 41 309 710 364; baseline 0.001 -17"><span class='ocrx_word' id='word_1_10' title='bbox 41 310 156 349; x_wconf 89' lang='lat' dir='ltr'>remedium</span> <span class='ocrx_word' id='word_1_11' title='bbox 169 311 293 364; x_wconf 83' lang='lat' dir='ltr'>insidiarum</span> <span class='ocrx_word' id='word_1_12' title='bbox 303 326 315 351; x_wconf 94' lang='lat' dir='ltr'>a</span> <span class='ocrx_word' id='word_1_13' title='bbox 325 313 406 363; x_wconf 88' lang='lat' dir='ltr'>plebeio</span> <span class='ocrx_word' id='word_1_14' title='bbox 416 313 504 363; x_wconf 81' lang='lat' dir='ltr'>quodam</span> <span class='ocrx_word' id='word_1_15' title='bbox 516 316 537 350; x_wconf 91' lang='lat' dir='ltr'>et</span> <span class='ocrx_word' id='word_1_16' title='bbox 548 312 620 362; x_wconf 82' lang='lat' dir='ltr'>ignoto</span> <span class='ocrx_word' id='word_1_17' title='bbox 629 309 710 349; x_wconf 88' lang='lat' dir='ltr'>muneri</span> 
     </span>
    </p>

    <p class='ocr_par' dir='ltr' id='par_1_4' title="bbox 41 380 558 437">
     <span class='ocr_line' id='line_1_4' title="bbox 41 380 558 437; baseline 0.006 -19"><span class='ocrx_word' id='word_1_18' title='bbox 41 380 160 431; x_wconf 88' lang='lat' dir='ltr'>accepisset,</span> <span class='ocrx_word' id='word_1_19' title='bbox 178 382 260 421; x_wconf 83' lang='lat' dir='ltr'>detecta</span> <span class='ocrx_word' id='word_1_20' title='bbox 278 383 389 437; x_wconf 84' lang='lat' dir='ltr'>confestim</span> <span class='ocrx_word' id='word_1_21' title='bbox 409 383 558 432; x_wconf 84' lang='lat' dir='ltr'>coniuratione,</span> 
     </span>
    </p>

    <p class='ocr_par' dir='ltr' id='par_1_5' title="bbox 40 436 748 712">
     <span class='ocr_line' id='line_1_5' title="bbox 40 436 748 523; baseline 0.003 -35"><span class='ocrx_word' id='word_1_22' title='bbox 40 463 78 500; x_wconf 89' lang='lat' dir='ltr'>pro</span> <span class='ocrx_word' id='word_1_23' title='bbox 95 463 175 490; x_wconf 89' lang='lat' dir='ltr'>summo</span> <span class='ocrx_word' id='word_1_24' title='bbox 190 453 274 491; x_wconf 87' lang='lat' dir='ltr'>nurnine</span> <span class='ocrx_word' id='word_1_25' title='bbox 291 453 395 503; x_wconf 80' lang='lat' dir='ltr'>trinisque</span> <span class='ocrx_word' id='word_1_26' title='bbox 410 453 432 491; x_wconf 94' lang='lat' dir='ltr'>in</span> <span class='ocrx_word' id='word_1_27' title='bbox 448 453 482 491; x_wconf 84' lang='lat' dir='ltr'>die</span> <span class='ocrx_word' id='word_1_28' title='bbox 499 453 560 494; x_wconf 78' lang='lat' dir='ltr'>sacri-</span> <span class='ocrx_word' id='word_1_29' title='bbox 576 436 689 523; x_wconf 54' lang='grc' dir='ltr'>ἒῗξέἶξζζὲξ</span> <span class='ocrx_word' id='word_1_30' title='bbox 747 456 748 459; x_wconf 77' lang='grc'>’</span> 
     </span>
     <span class='ocr_line' id='line_1_6' title="bbox 40 519 730 578; baseline 0.004 -21"><span class='ocrx_word' id='word_1_31' title='bbox 40 519 93 559; x_wconf 89' lang='lat' dir='ltr'>ficiis</span> <span class='ocrx_word' id='word_1_32' title='bbox 109 521 175 560; x_wconf 89' lang='lat' dir='ltr'>colere</span> <span class='ocrx_word' id='word_1_33' title='bbox 194 523 342 578; x_wconf 74' lang='lat' dir='ltr'>perseverarit,</span> <span class='ocrx_word' id='word_1_34' title='bbox 359 523 483 573; x_wconf 73' lang='lat' dir='ltr'>volebatque</span> <span class='ocrx_word' id='word_1_35' title='bbox 503 523 559 561; x_wconf 81' lang='lat' dir='ltr'>credi</span> <span class='ocrx_word' id='word_1_36' title='bbox 720 532 730 560; x_wconf 86' lang='lat'>5</span> 
     </span>
     <span class='ocr_line' id='line_1_7' title="bbox 40 590 709 643; baseline 0.001 -16"><span class='ocrx_word' id='word_1_37' title='bbox 40 590 155 629; x_wconf 88' lang='lat' dir='ltr'>monitione</span> <span class='ocrx_word' id='word_1_38' title='bbox 170 592 214 630; x_wconf 88' lang='lat' dir='ltr'>eius</span> <span class='ocrx_word' id='word_1_39' title='bbox 228 593 301 631; x_wconf 82' lang='lat' dir='ltr'>futura</span> <span class='ocrx_word' id='word_1_40' title='bbox 314 605 454 643; x_wconf 85' lang='lat' dir='ltr'>praenoscere.</span> <span class='ocrx_word' id='word_1_41' title='bbox 483 593 539 635; x_wconf 83' lang='lat' dir='ltr'>Ante</span> <span class='ocrx_word' id='word_1_42' title='bbox 554 605 630 642; x_wconf 87' lang='lat' dir='ltr'>paucos</span> <span class='ocrx_word' id='word_1_43' title='bbox 647 604 709 641; x_wconf 88' lang='lat' dir='ltr'>quam</span> 
     </span>
     <span class='ocr_line' id='line_1_8' title="bbox 40 660 710 712; baseline 0 -15"><span class='ocrx_word' id='word_1_44' title='bbox 40 660 118 710; x_wconf 88' lang='lat' dir='ltr'>periret</span> <span class='ocrx_word' id='word_1_45' title='bbox 126 673 207 699; x_wconf 90' lang='lat' dir='ltr'>menses</span> <span class='ocrx_word' id='word_1_46' title='bbox 215 660 307 705; x_wconf 83' lang='lat' dir='ltr'>attendit</span> <span class='ocrx_word' id='word_1_47' title='bbox 314 664 335 698; x_wconf 91' lang='lat' dir='ltr'>et</span> <span class='ocrx_word' id='word_1_48' title='bbox 343 661 471 712; x_wconf 83' lang='lat' dir='ltr'>exstispicio,</span> <span class='ocrx_word' id='word_1_49' title='bbox 478 674 516 700; x_wconf 91' lang='lat' dir='ltr'>nec</span> <span class='ocrx_word' id='word_1_50' title='bbox 524 674 622 711; x_wconf 88' lang='lat' dir='ltr'>umquam</span> <span class='ocrx_word' id='word_1_51' title='bbox 633 661 710 699; x_wconf 88' lang='lat' dir='ltr'>litavit.</span> 
     </span>
    </p>

    <p class='ocr_par' dir='ltr' id='par_1_6' title="bbox 5 729 710 850">
     <span class='ocr_line' id='line_1_9' title="bbox 5 729 710 779; baseline 0.001 -14"><span class='ocrx_word' id='word_1_52' title='bbox 5 733 30 766; x_wconf 80' lang='lat'>57</span> <span class='ocrx_word' id='word_1_53' title='bbox 67 729 125 773; x_wconf 85' lang='lat' dir='ltr'>Obiit</span> <span class='ocrx_word' id='word_1_54' title='bbox 134 729 255 768; x_wconf 89' lang='lat' dir='ltr'>tricensimo</span> <span class='ocrx_word' id='word_1_55' title='bbox 265 734 286 768; x_wconf 93' lang='lat' dir='ltr'>et</span> <span class='ocrx_word' id='word_1_56' title='bbox 296 731 386 769; x_wconf 87' lang='lat' dir='ltr'>secundo</span> <span class='ocrx_word' id='word_1_57' title='bbox 396 730 471 768; x_wconf 85' lang='lat' dir='ltr'>aetatis</span> <span class='ocrx_word' id='word_1_58' title='bbox 482 742 542 779; x_wconf 81' lang='lat' dir='ltr'>anno,</span> <span class='ocrx_word' id='word_1_59' title='bbox 553 729 586 767; x_wconf 86' lang='lat' dir='ltr'>die</span> <span class='ocrx_word' id='word_1_60' title='bbox 597 742 637 779; x_wconf 90' lang='lat' dir='ltr'>quc</span> <span class='ocrx_word' id='word_1_61' title='bbox 648 741 710 778; x_wconf 93' lang='lat' dir='ltr'>quon-</span> 
     </span>
     <span class='ocr_line' id='line_1_10' title="bbox 40 799 710 850; baseline 0 -13"><span class='ocrx_word' id='word_1_62' title='bbox 40 800 87 837; x_wconf 81' lang='lat' dir='ltr'>dam</span> <span class='ocrx_word' id='word_1_63' title='bbox 101 799 210 838; x_wconf 81' lang='lat' dir='ltr'>Octaviam</span> <span class='ocrx_word' id='word_1_64' title='bbox 223 799 362 849; x_wconf 75' lang='lat' dir='ltr'>interemerat,</span> <span class='ocrx_word' id='word_1_65' title='bbox 374 804 498 850; x_wconf 89' lang='lat' dir='ltr'>tantumque</span> <span class='ocrx_word' id='word_1_66' title='bbox 513 799 612 849; x_wconf 83' lang='lat' dir='ltr'>gaudium</span> <span class='ocrx_word' id='word_1_67' title='bbox 626 799 710 850; x_wconf 88' lang='lat' dir='ltr'>publice</span> 
     </span>
    </p>
   </div>
   <div class='ocr_carea' id='block_1_3' title="bbox 39 869 739 949">
    <p class='ocr_par' dir='ltr' id='par_1_7' title="bbox 39 869 739 949">
     <span class='ocr_line' id='line_1_11' title="bbox 39 869 739 949; baseline 0 -44"><span class='ocrx_word' id='word_1_68' title='bbox 39 869 140 919; x_wconf 86' lang='lat' dir='ltr'>praebuit,</span> <span class='ocrx_word' id='word_1_69' title='bbox 151 869 246 920; x_wconf 48' lang='lat' dir='ltr'>ut&#39;plebs</span> <span class='ocrx_word' id='word_1_70' title='bbox 259 869 346 921; x_wconf 76' lang='lat' dir='ltr'>pilleata</span> <span class='ocrx_word' id='word_1_71' title='bbox 358 873 403 908; x_wconf 89' lang='lat' dir='ltr'>tota</span> <span class='ocrx_word' id='word_1_72' title='bbox 416 870 469 915; x_wconf 87' lang='lat' dir='ltr'>urbe</span> <span class='ocrx_word' id='word_1_73' title='bbox 482 870 559 908; x_wconf 83' lang='lat' dir='ltr'>discur-</span> <span class='ocrx_word' id='word_1_74' title='bbox 576 919 634 949; x_wconf 53' lang='lat' dir='ltr'>Nem</span> <span class='ocrx_word' id='word_1_75' title='bbox 642 927 686 948; x_wconf 84' lang='lat' dir='ltr'>mem</span> <span class='ocrx_word' id='word_1_76' title='bbox 720 876 739 905; x_wconf 88' lang='lat'>10</span> 
     </span>
    </p>
   </div>
   <div class='ocr_carea' id='block_1_4' title="bbox 39 967 693 1148">
    <p class='ocr_par' dir='ltr' id='par_1_8' title="bbox 39 967 693 1148">
     <span class='ocr_line' id='line_1_12' title="bbox 576 967 693 999; baseline -0.009 0"><span class='ocrx_word' id='word_1_77' title='bbox 576 977 585 999; x_wconf 91' lang='lat' dir='ltr'>c</span> <span class='ocrx_word' id='word_1_78' title='bbox 613 967 693 998; x_wconf 85' lang='lat' dir='ltr'>ahhorred</span> 
     </span>
     <span class='ocr_line' id='line_1_13' title="bbox 39 977 690 1060; baseline 0.002 -14"><span class='ocrx_word' id='word_1_79' title='bbox 39 1008 124 1058; x_wconf 84' lang='lat' dir='ltr'>longum</span> <span class='ocrx_word' id='word_1_80' title='bbox 142 1012 225 1060; x_wconf 89' lang='lat' dir='ltr'>tempus</span> <span class='ocrx_word' id='word_1_81' title='bbox 242 1010 311 1049; x_wconf 87' lang='lat' dir='ltr'>vernis</span> <span class='ocrx_word' id='word_1_82' title='bbox 330 1009 457 1060; x_wconf 71' lang='lat' dir='ltr'>aestiuisque</span> <span class='ocrx_word' id='word_1_83' title='bbox 473 1009 558 1048; x_wconf 90' lang='lat' dir='ltr'>floribus</span> <span class='ocrx_word' id='word_1_84' title='bbox 575 977 690 1056; x_wconf 52' lang='lat' dir='ltr'>elysoman-</span> 
     </span>
     <span class='ocr_line' id='line_1_14' title="bbox 576 1068 655 1106; baseline 0 -9"><span class='ocrx_word' id='word_1_85' title='bbox 576 1068 626 1097; x_wconf 85' lang='lat' dir='ltr'>vered</span> <span class='ocrx_word' id='word_1_86' title='bbox 632 1068 655 1106; x_wconf 89' lang='lat' dir='ltr'>by</span> 
     </span>
     <span class='ocr_line' id='line_1_15' title="bbox 576 1118 633 1148; baseline 0.018 -1"><span class='ocrx_word' id='word_1_87' title='bbox 576 1118 633 1148; x_wconf 80' lang='lat' dir='ltr'>others</span> 
     </span>
    </p>
   </div>
   <div class='ocr_carea' id='block_1_5' title="bbox 39 930 559 990">
    <p class='ocr_par' dir='ltr' id='par_1_9' title="bbox 39 930 559 990">
     <span class='ocr_line' id='line_1_16' title="bbox 39 930 559 990; baseline 0.004 -14"><span class='ocrx_word' id='word_1_88' title='bbox 39 942 99 977; x_wconf 84' lang='lat' dir='ltr'>reret.</span> <span class='ocrx_word' id='word_1_89' title='bbox 134 940 163 977; x_wconf 84' lang='lat' dir='ltr'>Et</span> <span class='ocrx_word' id='word_1_90' title='bbox 181 944 252 978; x_wconf 86' lang='lat' dir='ltr'>tamen</span> <span class='ocrx_word' id='word_1_91' title='bbox 270 952 312 978; x_wconf 87' lang='lat' dir='ltr'>nou</span> <span class='ocrx_word' id='word_1_92' title='bbox 331 930 444 978; x_wconf 76' lang='lat' dir='ltr'>defuerunt</span> <span class='ocrx_word' id='word_1_93' title='bbox 465 939 501 990; x_wconf 87' lang='lat' dir='ltr'>qui</span> <span class='ocrx_word' id='word_1_94' title='bbox 522 952 559 990; x_wconf 92' lang='lat' dir='ltr'>per</span> 
     </span>
    </p>
   </div>
   <div class='ocr_carea' id='block_1_6' title="bbox 39 1079 758 1409">
    <p class='ocr_par' dir='ltr' id='par_1_10' title="bbox 39 1079 758 1409">
     <span class='ocr_line' id='line_1_17' title="bbox 40 1079 558 1129; baseline 0.002 -13"><span class='ocrx_word' id='word_1_95' title='bbox 40 1079 144 1117; x_wconf 85' lang='lat' dir='ltr'>tumulum</span> <span class='ocrx_word' id='word_1_96' title='bbox 160 1079 204 1118; x_wconf 88' lang='lat' dir='ltr'>eius</span> <span class='ocrx_word' id='word_1_97' title='bbox 221 1083 325 1129; x_wconf 88' lang='lat' dir='ltr'>ornarent,</span> <span class='ocrx_word' id='word_1_98' title='bbox 341 1092 364 1118; x_wconf 85' lang='lat' dir='ltr'>ac</span> <span class='ocrx_word' id='word_1_99' title='bbox 379 1080 440 1118; x_wconf 73' lang='lat' dir='ltr'>morlo</span> <span class='ocrx_word' id='word_1_100' title='bbox 457 1079 558 1128; x_wconf 80' lang='lat' dir='ltr'>imagines</span> 
     </span>
     <span class='ocr_line' id='line_1_18' title="bbox 40 1149 558 1200; baseline 0 -13"><span class='ocrx_word' id='word_1_101' title='bbox 40 1152 181 1199; x_wconf 81' lang='lat' dir='ltr'>praetextatas</span> <span class='ocrx_word' id='word_1_102' title='bbox 204 1149 227 1187; x_wconf 90' lang='lat' dir='ltr'>in</span> <span class='ocrx_word' id='word_1_103' title='bbox 250 1150 322 1189; x_wconf 80' lang='lat' dir='ltr'>rostris</span> <span class='ocrx_word' id='word_1_104' title='bbox 347 1150 472 1200; x_wconf 79' lang='lat' dir='ltr'>proferrent,</span> <span class='ocrx_word' id='word_1_105' title='bbox 497 1149 558 1192; x_wconf 84' lang='lat' dir='ltr'>modo</span> 
     </span>
     <span class='ocr_line' id='line_1_19' title="bbox 40 1218 758 1274; baseline -0.001 -17"><span class='ocrx_word' id='word_1_106' title='bbox 40 1218 109 1257; x_wconf 84' lang='lat' dir='ltr'>edicta</span> <span class='ocrx_word' id='word_1_107' title='bbox 124 1219 183 1269; x_wconf 81' lang='lat' dir='ltr'>quasi</span> <span class='ocrx_word' id='word_1_108' title='bbox 198 1219 289 1258; x_wconf 84' lang='lat' dir='ltr'>viventis</span> <span class='ocrx_word' id='word_1_109' title='bbox 305 1223 326 1258; x_wconf 89' lang='lat' dir='ltr'>et</span> <span class='ocrx_word' id='word_1_110' title='bbox 341 1219 400 1258; x_wconf 86' lang='lat' dir='ltr'>brevi</span> <span class='ocrx_word' id='word_1_111' title='bbox 416 1232 491 1268; x_wconf 82' lang='lat' dir='ltr'>magno</span> <span class='ocrx_word' id='word_1_112' title='bbox 507 1219 638 1257; x_wconf 87' lang='lat' dir='ltr'>inimicorum</span> <span class='ocrx_word' id='word_1_113' title='bbox 653 1218 758 1274; x_wconf 49' lang='grc' dir='ltr'>11111111Ἰ</span> 
     </span>
     <span class='ocr_line' id='line_1_20' title="bbox 39 1274 718 1344; baseline 0.001 -18"><span class='ocrx_word' id='word_1_114' title='bbox 39 1289 148 1328; x_wconf 84' lang='lat' dir='ltr'>reversuri.</span> <span class='ocrx_word' id='word_1_115' title='bbox 177 1289 233 1335; x_wconf 73' lang='lat' dir='ltr'>Quin</span> <span class='ocrx_word' id='word_1_116' title='bbox 246 1289 309 1328; x_wconf 86' lang='lat' dir='ltr'>etiam</span> <span class='ocrx_word' id='word_1_117' title='bbox 318 1289 433 1344; x_wconf 82' lang='lat' dir='ltr'>Vologesns</span> <span class='ocrx_word' id='word_1_118' title='bbox 447 1289 573 1328; x_wconf 77' lang='lat' dir='ltr'>Parthorum</span> <span class='ocrx_word' id='word_1_119' title='bbox 585 1301 628 1337; x_wconf 84' lang='lat' dir='ltr'>rex,</span> <span class='ocrx_word' id='word_1_120' title='bbox 638 1274 718 1327; x_wconf 30' lang='lat' dir='ltr'>missis*</span> 
     </span>
     <span class='ocr_line' id='line_1_21' title="bbox 40 1358 709 1409; baseline 0 -12"><span class='ocrx_word' id='word_1_121' title='bbox 40 1358 67 1397; x_wconf 82' lang='lat' dir='ltr'>ad</span> <span class='ocrx_word' id='word_1_122' title='bbox 81 1361 176 1397; x_wconf 87' lang='lat' dir='ltr'>senatum</span> <span class='ocrx_word' id='word_1_123' title='bbox 190 1358 266 1409; x_wconf 81' lang='lat' dir='ltr'>legatis</span> <span class='ocrx_word' id='word_1_124' title='bbox 281 1359 306 1398; x_wconf 77' lang='grc'>[11</span> <span class='ocrx_word' id='word_1_125' title='bbox 321 1359 458 1398; x_wconf 81' lang='lat' dir='ltr'>instauranda</span> <span class='ocrx_word' id='word_1_126' title='bbox 475 1359 579 1408; x_wconf 86' lang='lat' dir='ltr'>societate,</span> <span class='ocrx_word' id='word_1_127' title='bbox 593 1359 632 1397; x_wconf 92' lang='lat' dir='ltr'>hoc</span> <span class='ocrx_word' id='word_1_128' title='bbox 646 1358 709 1397; x_wconf 84' lang='lat' dir='ltr'>etiam</span> 
     </span>
    </p>
   </div>
   <div class='ocr_carea' id='block_1_7' title="bbox 9 1418 739 1747">
    <p class='ocr_par' dir='ltr' id='par_1_11' title="bbox 9 1418 739 1747">
     <span class='ocr_line' id='line_1_22' title="bbox 39 1418 710 1480; baseline 0 -14"><span class='ocrx_word' id='word_1_129' title='bbox 39 1441 115 1478; x_wconf 83' lang='lat' dir='ltr'>magno</span> <span class='ocrx_word' id='word_1_130' title='bbox 125 1441 186 1480; x_wconf 89' lang='lat' dir='ltr'>opere</span> <span class='ocrx_word' id='word_1_131' title='bbox 196 1428 264 1468; x_wconf 88' lang='lat' dir='ltr'>oravit</span> <span class='ocrx_word' id='word_1_132' title='bbox 271 1433 294 1468; x_wconf 94' lang='lat' dir='ltr'>ut</span> <span class='ocrx_word' id='word_1_133' title='bbox 301 1418 391 1468; x_wconf 84' lang='lat' dir='ltr'>Neronis</span> <span class='ocrx_word' id='word_1_134' title='bbox 402 1429 502 1468; x_wconf 86' lang='lat' dir='ltr'>memoria</span> <span class='ocrx_word' id='word_1_135' title='bbox 511 1429 618 1468; x_wconf 88' lang='lat' dir='ltr'>coleretur.</span> <span class='ocrx_word' id='word_1_136' title='bbox 648 1428 710 1467; x_wconf 92' lang='lat' dir='ltr'>Deni-</span> 
     </span>
     <span class='ocr_line' id='line_1_23' title="bbox 40 1483 709 1551; baseline 0 -14"><span class='ocrx_word' id='word_1_137' title='bbox 40 1511 80 1549; x_wconf 88' lang='lat' dir='ltr'>que</span> <span class='ocrx_word' id='word_1_138' title='bbox 95 1511 141 1537; x_wconf 89' lang='lat' dir='ltr'>cum</span> <span class='ocrx_word' id='word_1_139' title='bbox 157 1503 204 1549; x_wconf 87' lang='lat' dir='ltr'>post</span> <span class='ocrx_word' id='word_1_140' title='bbox 220 1499 296 1548; x_wconf 82' lang='lat' dir='ltr'>viginti</span> <span class='ocrx_word' id='word_1_141' title='bbox 310 1483 383 1548; x_wconf 82' lang='lat' dir='ltr'>annos,</span> <span class='ocrx_word' id='word_1_142' title='bbox 394 1499 527 1538; x_wconf 79' lang='lat' dir='ltr'>adulescente</span> <span class='ocrx_word' id='word_1_143' title='bbox 543 1512 581 1548; x_wconf 90' lang='lat' dir='ltr'>me,</span> <span class='ocrx_word' id='word_1_144' title='bbox 592 1498 709 1551; x_wconf 75' lang='lat' dir='ltr'>exstitisset</span> 
     </span>
     <span class='ocr_line' id='line_1_24' title="bbox 9 1568 739 1620; baseline 0.001 -13"><span class='ocrx_word' id='word_1_145' title='bbox 9 1581 12 1589; x_wconf 72' lang='lat'><strong><em>¹</em></strong></span> <span class='ocrx_word' id='word_1_146' title='bbox 40 1568 167 1607; x_wconf 89' lang='lat' dir='ltr'>condicionis</span> <span class='ocrx_word' id='word_1_147' title='bbox 183 1569 274 1608; x_wconf 85' lang='lat' dir='ltr'>incertae</span> <span class='ocrx_word' id='word_1_148' title='bbox 289 1569 326 1620; x_wconf 88' lang='lat' dir='ltr'>qui</span> <span class='ocrx_word' id='word_1_149' title='bbox 341 1582 363 1608; x_wconf 94' lang='lat' dir='ltr'>se</span> <span class='ocrx_word' id='word_1_150' title='bbox 377 1570 482 1607; x_wconf 87' lang='lat' dir='ltr'>Neronem</span> <span class='ocrx_word' id='word_1_151' title='bbox 496 1581 541 1608; x_wconf 90' lang='lat' dir='ltr'>esse</span> <span class='ocrx_word' id='word_1_152' title='bbox 556 1569 649 1618; x_wconf 84' lang='lat' dir='ltr'>iactaret,</span> <span class='ocrx_word' id='word_1_153' title='bbox 665 1572 739 1608; x_wconf 81' lang='grc'><strong>1111111</strong></span> 
     </span>
     <span class='ocr_line' id='line_1_25' title="bbox 11 1630 710 1696; baseline 0.001 -20"><span class='ocrx_word' id='word_1_154' title='bbox 11 1630 12 1633; x_wconf 33' lang='grc'><strong>“</strong></span> <span class='ocrx_word' id='word_1_155' title='bbox 39 1638 154 1678; x_wconf 79' lang='lat' dir='ltr'>favorabile</span> <span class='ocrx_word' id='word_1_156' title='bbox 168 1651 242 1677; x_wconf 86' lang='lat' dir='ltr'>nomen</span> <span class='ocrx_word' id='word_1_157' title='bbox 258 1639 302 1678; x_wconf 84' lang='lat' dir='ltr'>eius</span> <span class='ocrx_word' id='word_1_158' title='bbox 316 1639 372 1690; x_wconf 83' lang='lat' dir='ltr'>apud</span> <span class='ocrx_word' id='word_1_159' title='bbox 383 1639 473 1677; x_wconf 85' lang='lat' dir='ltr'>Parthos</span> <span class='ocrx_word' id='word_1_160' title='bbox 483 1638 531 1688; x_wconf 78' lang='lat' dir='ltr'>fnit,</span> <span class='ocrx_word' id='word_1_161' title='bbox 543 1642 566 1677; x_wconf 90' lang='lat' dir='ltr'>ut</span> <span class='ocrx_word' id='word_1_162' title='bbox 575 1638 710 1696; x_wconf 87' lang='lat' dir='ltr'>vehementer</span> 
     </span>
     <span class='ocr_line' id='line_1_26' title="bbox 39 1708 362 1747; baseline 0 0"><span class='ocrx_word' id='word_1_163' title='bbox 39 1708 123 1747; x_wconf 85' lang='lat' dir='ltr'>adiutus</span> <span class='ocrx_word' id='word_1_164' title='bbox 134 1712 154 1747; x_wconf 91' lang='lat' dir='ltr'>et</span> <span class='ocrx_word' id='word_1_165' title='bbox 164 1709 201 1747; x_wconf 79' lang='lat' dir='ltr'>vix</span> <span class='ocrx_word' id='word_1_166' title='bbox 210 1708 305 1747; x_wconf 86' lang='lat' dir='ltr'>redditus</span> <span class='ocrx_word' id='word_1_167' title='bbox 316 1709 349 1747; x_wconf 85' lang='lat' dir='ltr'>sit.</span> <span class='ocrx_word' id='word_1_168' title='bbox 359 1712 362 1720; x_wconf 86' lang='grc'><em>“</em></span> 
     </span>
    </p>
   </div>
   <div class='ocr_carea' id='block_1_8' title="bbox 0 0 767 2600">
    <p class='ocr_par' dir='ltr' id='par_1_12' title="bbox 0 0 767 2600">
     <span class='ocr_line' id='line_1_27' title="bbox 0 0 767 2600; baseline 0 0"><span class='ocrx_word' id='word_1_169' title='bbox 0 0 767 2600; x_wconf 95' lang='lat' dir='ltr'> </span> 
     </span>
    </p>
   </div>
  </div>
 </body>
</html>
