1520 2600
39 115 81 157 112
108 125 127 157 o
144 125 248 159 suurom
260 117 413 165 rnnuoumm
424 126 458 157 nn
472 125 533 157 vrrx
547 125 682 158 orrannum

38 239 86 290 pius
97 240 191 290 publice3
207 240 303 279 recitarit
314 243 335 279 et
345 240 442 289 carmina,
453 253 495 279 non
505 240 566 280 modo
576 240 633 279 domi
643 241 680 279 sed
690 244 711 278 et

38 310 61 347 in
70 310 159 359 theatro,
168 314 229 349 tanta
242 310 387 349 uniuersorum
400 310 487 358 laetitia,
498 315 522 349 ut
532 310 557 349 ob
567 310 710 349 recitationem
719 334 721 338 ,

38 380 165 431 supplicatio
176 381 260 419 decreta
269 380 303 429 sit,
314 392 379 431 eaque
388 393 436 431 pars
451 381 566 419 carminum
578 380 646 419 aureis
655 380 711 419 litte-

38 450 67 489 ris
78 451 124 489 lori
135 450 254 501 Capitolino
265 449 339 489 dicata.

17 527 26 556 5
66 506 236 571 Spectaculorum
246 520 337 571 plurima
347 524 368 559 et
378 520 437 559 varia
450 533 526 571 genera
535 520 612 559 edidit:
627 521 710 560 iuvena-
720 527 744 559 11

37 591 74 638 les,
83 591 191 640 circenses,
201 590 305 630 scaenicos
313 590 380 639 ludos,
389 590 537 640 gladiatorium
545 603 626 630 munus.
650 591 710 630 luve-

189 660 273 699 nalibus
293 672 352 699 senes
372 672 453 710 quoque
474 660 593 699 consulares
616 673 709 712 anusque

190 734 295 769 matronas
314 729 393 781 recepit
415 730 442 769 ad
463 730 538 769 lusum.
576 730 709 770 Circensibus

38 800 83 839 loca
96 800 163 850 equiti
179 804 259 839 secreta
274 812 287 838 a
302 800 377 839 ceteris
393 799 473 848 tribuit,
484 798 629 850 commisitque
646 801 709 840 etiam

8 874 26 903 10
38 870 163 918 camelorum
179 870 296 920 quadrigas.
326 870 399 918 Ludis,
415 882 466 920 quos
481 883 519 921 pro
534 869 658 909 aeternitate
673 870 710 909 im-

37 940 90 990 perii
113 944 220 990 susceptos
241 940 343 991 appellari
365 943 464 979 translatos
482 940 555 988 voluit,
575 953 600 978 ex
621 943 709 991 utroque

38 1010 110 1048 ordine
126 1013 146 1048 et
166 1022 217 1048 sexu
235 1009 330 1061 plerique
352 1009 443 1048 ludicras
464 1014 533 1060 partes
554 1009 708 1060 sustinuerunt,

37 1079 159 1118 notissimus
179 1092 242 1130 eques
260 1081 367 1119 Romanus
386 1079 498 1130 elephanto
519 1079 651 1129 supersidens
672 1092 709 1131 per

37 1149 179 1188 catadromum
203 1149 333 1198 decucurrit3
359 1149 445 1187 inducta
463 1149 541 1188 Afrani
559 1153 636 1198 togata,
656 1162 709 1200 quae

7 1227 25 1257 15
37 1220 156 1258 Incendium
170 1218 297 1268 inscribitur,
314 1231 476 1268 concessumque
492 1222 516 1257 ut
533 1218 622 1258 scaenici
633 1220 710 1271 arden-

36 1290 65 1327 tis
86 1290 159 1327 domus
183 1288 336 1339 supellectilem
360 1289 475 1339 diriperent
494 1301 518 1327 ac
537 1288 577 1327 sibi
596 1288 708 1337 haberent3

38 703 135 741 Spectacles

37 1371 110 1409 sparsa
119 1362 141 1397 et
150 1358 227 1409 populo
240 1358 329 1397 missilia
341 1357 434 1397 omnium
443 1371 513 1396 rerum
523 1370 560 1409 per
570 1358 708 1397 omnesfdies:

37 1428 120 1478 singula
134 1428 211 1467 cotidie
226 1428 285 1466 milia
299 1427 370 1467 avium
384 1428 485 1479 cuiusque
499 1428 587 1479 generis,
597 1427 710 1482 multiplex

36 1511 108 1549 penus,
124 1503 216 1537 tesserae
233 1498 389 1547 frumentariae,
407 1498 479 1547 vestis,
496 1510 575 1547 aurrnn,
593 1501 708 1547 argentum,

7 1574 26 1603 20
37 1580 135 1618 gemmae,
151 1568 281 1618 margaritae,
298 1568 381 1606 tabulae
395 1568 470 1619 pictae,
484 1567 595 1619 mancipia,
609 1567 708 1616 iumenta,

37 1642 99 1688 atque
114 1638 178 1676 etiam
193 1641 315 1677 mansuetae
331 1637 394 1687 ferae,
409 1638 522 1677 novissime
537 1650 607 1686 naves,
620 1638 708 1686 insulae,

37 1709 86 1757 agri.
116 1708 162 1746 Hos
172 1707 231 1746 ludos
243 1707 346 1758 spectavit
355 1720 365 1746 e
374 1708 490 1758 proscaenii
500 1708 592 1758 fastigio
603 1732 605 1734 v
615 1708 708 1756 Munere,
720 1719 743 1752 12

37 1778 92 1827 quod
108 1777 132 1815 in
148 1777 303 1828 amphitheatro
321 1777 391 1827 ligneo
410 1777 493 1827 regione
511 1778 584 1817 Martii
598 1777 667 1828 campi
680 1777 710 1815 111-’

36 1851 70 1885 tra
86 1848 135 1886 anni
151 1847 243 1897 spatium
259 1847 363 1886 fabricato
383 1847 447 1896 dedit,
464 1848 569 1886 neminem
584 1847 666 1895 occidit,
683 1859 710 1885 ne

6 1920 24 1950 25
36 1917 145 1955 noxiorum
159 1917 255 1967 quidem3
272 1917 368 1956 exhibuit
383 1921 453 1956 autem
463 1919 489 1957 ad
499 1919 578 1957 ferrum
589 1918 650 1972 etiam
662 1930 710 1968 qna

36 1986 158 2036 dringeutos
176 1990 282 2026 senatores
301 1991 448 2039 sescentosque
466 1989 546 2038 equites
564 1989 675 2037 Romanos,
689 1989 710 2025 et

36 2057 137 2106 quosdam
147 2057 244 2096 fortunae
256 2061 319 2108 atque
329 2058 491 2097 existimationis
502 2059 601 2107 integrae,
609 2071 635 2096 ex
642 2057 709 2096 isdem

36 2126 143 2165 ordinibus
162 2127 290 2165 confectores
308 2139 389 2177 quoque
405 2128 496 2165 ferarum
512 2131 533 2166 et
547 2128 605 2166 varia
619 2128 709 2166 harenae

36 2196 165 2245 miuisteria3
181 2196 277 2235 exhibuit
288 2200 309 2235 et
314 2197 464 2235 naumachiam
472 2190 556 2236 ⁴marina
567 2210 627 2247 aqua,
637 2197 710 2236 innan-

6 2267 25 2297 30
36 2266 93 2304 tibus
103 2266 183 2314 beluis,
199 2266 250 2304 item
260 2266 369 2317 pyrrichas
381 2267 483 2316 quasdam
498 2279 508 2305 e
523 2279 609 2305 numero
623 2267 710 2317 ephebo-

36 2349 88 2385 rum,
112 2336 188 2386 quibus
212 2339 260 2386 post
281 2336 357 2374 editam
378 2348 462 2386 operam
481 2336 597 2387 diplomata
615 2336 709 2376 civitatis

38 2407 144 2444 Romanae
163 2405 252 2455 singulis
275 2405 418 2445 obtulit...
453 2407 525 2445 Icarus
547 2406 615 2456 primo
638 2406 710 2445 statim
