1520 2600
54 79 97 121 134
123 89 142 122 c.
157 88 262 122 sunronr
273 87 426 128 rnnuqumnr
439 88 473 120 nn
487 88 547 121 viru
561 88 697 122 cnnsnnun

54 215 226 255 percussoresque
234 203 364 242 summittere
371 203 475 243 exercitus
487 206 508 241 et
514 205 633 254 provincias
639 204 728 254 regenti-

31 264 32 267 *
53 273 98 322 bus,
114 273 174 324 quasi
190 273 315 324 conspiratis
334 274 430 323 idemque
449 277 471 312 et
489 286 554 312 unuin
573 273 723 323 sentientibus;

205 343 308 393 quidquid
323 342 401 393 ubique
414 342 511 381 exsulum
522 342 625 394 quidquid
638 343 664 381 in'
673 343 724 382 urbe

53 395 186 484 miggius
204 413 313 451 hominum
330 413 487 452 Gallicanorum
506 417 561 451 esset
579 412 723 452 contrucidare

32 492 42 520 5
207 483 266 535 (iilos
273 495 300 521 nc
306 481 471 522 desciscentibus
479 483 648 532 adgregarentur,
655 482 694 522 hos
700 487 724 522 ut

53 551 145 592 conscios
165 553 299 604 popularium
318 565 402 592 suorum
423 556 486 603 atque
506 552 621 606 fautores),
642 553 723 592 Gallias

53 622 179 662 exercitibus
195 622 324 674 diripiendas
342 622 474 673 permittere;
492 626 588 661 senatum
601 622 723 661 universum

52 704 133 731 veneno
146 705 183 743 per
198 692 295 731 convivia
308 705 392 742 necare3
412 693 485 731 urbem
501 692 617 741 incendere,
634 693 685 732 ieris
700 693 723 731 in
747 685 749 688 ⁴

52 762 151 814 populum
171 763 278 812 immissis,
298 775 339 813 quo
358 762 465 801 difficilius
485 762 652 801 defenderentur.
681 763 723 802 Sed

23 839 42 868 10
53 833 177 873 absterritus
196 845 238 871 non
256 837 300 872 tarn
318 830 451 884 paenitentia
467 845 530 884 quam
548 832 671 883 perficiendi
689 833 723 872 dc-

52 903 177 953 speratione,
196 903 324 953 credensque
343 902 498 953 expeditionem
517 903 661 952 necessariam,
677 915 723 942 con-

53 973 109 1012 sules
131 977 180 1011 ante
195 977 279 1024 tempus
294 973 387 1023 privavit
403 973 481 1012 honore
495 976 558 1023 atque
574 972 597 1010 in
611 974 721 1024 utriusque

52 1043 121 1082 locum
139 1043 196 1082 solus
215 1043 264 1088 iniit
282 1043 419 1093 consulatum,
437 1044 501 1095 quasi
516 1042 581 1081 fatale
600 1046 661 1092 esset,
680 1056 722 1082 non

51 1126 113 1164 posse
128 1113 208 1153 Gallias
222 1112 323 1152 debellari
336 1113 378 1153 nisi
392 1126 405 1152 a
419 1125 441 1151 se
455 1125 505 1152 cons
521 1113 546 1151 le.
574 1112 606 1151 Ac
619 1113 720 1164 susceptis

21 1191 41 1221 15
51 1182 151 1233 fascibus,
162 1196 209 1222 cum
221 1186 269 1235 post
282 1183 354 1234 epulas
368 1182 461 1221 triclinio
474 1182 622 1232 digrederetur,
636 1183 721 1223 innixus

52 1254 129 1293 umeris
150 1254 293 1303 familiarium,
314 1253 431 1303 affirmavit,
450 1246 510 1292 sicuti
529 1266 552 1292 uc
568 1256 659 1303 primum
675 1267 721 1303 prc-

51 1327 138 1363 uiucicuu
154 1327 255 1375 accipisset,
273 1327 369 1363 iuer-uteru
387 1336 407 1362 se
424 1327 446 1362 iu
462 1329 585 1373 corispectuui
601 1327 721 1363 eret-cucurti

52 1396 184 1445 proditurum
198 1407 234 1433 uec
249 1396 356 1444 quicquum
374 1395 432 1433 uliud
450 1406 511 1444 queuu
524 1397 627 1443 fleturum,
644 1407 721 1433 recocu-

50 1468 114 1515 tispue
129 1467 156 1503 dd
168 1467 313 1514 poenitentium
328 1465 459 1513 defectoribus
474 1466 584 1513 insequenti
600 1466 632 1502 die
647 1466 721 1503 iueiutu

20 1539 103 1574 mittier
126 1537 186 1574 lectos
209 1540 336 1573 rattruut-um
359 1537 451 1583 epinicia,
471 1546 521 1583 quoe
545 1536 587 1572 ictu
605 1547 662 1586 ¹nuuc
682 1536 721 1573 sibi

51 1608 142 1655 componi
155 1611 256 1654 oporteret.

16 1683 17 1686 ’
77 1676 104 1714 In
113 1675 256 1726 praeparanda
266 1674 398 1726 expeditione
408 1674 498 1725 primam
507 1686 577 1713 curam
588 1673 661 1713 habuit
671 1675 720 1714 deli·
729 1683 754 1715 44

51 1746 114 1797 gendi
123 1745 220 1784 uehicula
227 1745 336 1796 portandis
344 1745 444 1784 scaenicis
454 1744 543 1794 organis,
554 1744 720 1795 concubinasque

50 1844 157 1883 Prepmsto
202 1827 253 1865 quas
272 1826 342 1854 secum
361 1814 458 1853 educeret
473 1814 574 1852 tondendi
593 1814 620 1852 ad
636 1814 719 1853 virilem

19 1895 133 1942 cagotothe
201 1885 285 1924 modum
302 1889 323 1924 et
340 1885 445 1924 securibus
464 1885 570 1936 peltisque
586 1884 719 1924 Amazonicis

50 1943 139 1974 Provinces
201 1954 325 2002 instruendi
354 1956 405 1994 Mon
420 1955 488 2000 tribus
505 1955 594 1994 urbanas
611 1955 638 1993 ad
655 1966 720 1994 sacra·

50 2028 142 2063 mentum
165 2025 244 2075 citavit,
262 2039 287 2065 ac
308 2026 366 2066 nulio
388 2027 462 2065 idoneo
481 2026 620 2078 respondente
639 2031 718 2065 certum

50 2094 141 2134 dominis
157 2109 264 2135 servorum
283 2109 393 2135 numerum
412 2096 501 2146 indixit,
523 2109 561 2136 nec
573 2096 614 2135 nisi
633 2108 659 2135 ex
673 2099 719 2135 tota

50 2165 150 2215 cuiusque
163 2165 246 2205 familia
262 2167 425 2217 probatissimos,
440 2179 467 2204 ne
481 2166 660 2217 dispensatoribus
676 2166 719 2216 qui-

19 2244 39 2274 30
50 2234 97 2274 dem
109 2239 146 2274 aut
156 2236 317 2275 amanuensibus
330 2237 429 2287 exceptis,
444 2237 529 2287 recepit.
557 2221 643 2275 Partem
654 2236 717 2275 etiarn

49 2317 123 2345 census
142 2318 213 2345 omnes
234 2306 317 2346 ordines
338 2307 433 2345 conferre
454 2306 522 2355 iussit,
543 2309 564 2345 et
584 2305 670 2357 insuper
688 2306 718 2344 in-

49 2375 141 2426 quilinos
150 2375 281 2427 privatarum
293 2376 377 2416 aedium
393 2380 456 2428 atque
468 2375 583 2416 insularum
596 2375 717 2427 pensionem
