1520 2600
69 106 97 147 34
121 115 139 148 c,
158 115 262 149 suurour
277 116 429 157 rnnuoumm
443 118 477 150 nu
491 116 551 150 va
567 110 702 150 cussinum

67 242 107 269 nae
126 234 147 269 et
165 231 230 281 pueri.
266 232 394 271 immaturae
413 233 501 283 puellae,
519 233 569 284 quia
585 245 641 271 more
659 232 738 287 tradito

67 301 127 340 nefas
138 305 194 340 esset
203 301 296 351 virgines
306 302 438 352 strangulari,
447 303 535 342 vitiatae
544 304 602 355 prius
613 316 625 342 a
634 290 737 352 carnifice,

66 371 116 410 dein
124 371 273 422 strangulatae.
301 373 358 412 Mori
367 363 485 424 volentibus
495 373 528 412 vis
541 373 636 412 adhibita
645 372 736 412 vivendi.

66 443 122 481 Nam
143 447 231 481 mortem
250 443 302 481 adeo
320 442 366 482 leve
388 444 515 493 supplicium
537 444 631 495 putabat,
647 447 672 482 ut
690 456 737 482 cum

46 523 56 552 5
67 513 161 552 audisset
172 526 237 551 nuum
247 526 259 552 e
268 513 315 562 reis
326 513 440 553 Carnulum
449 513 539 563 nomine,
549 514 675 564 anticipasse
685 526 736 563 eam,

67 583 228 623 exclamaverit:
245 584 346 623 Cornutus
355 596 386 622 nte
395 586 463 622 occisit.
492 585 520 622 Et
532 584 555 622 in
565 584 736 633 recognoscendis

67 654 167 694 custodiis
177 653 273 705 precanti
282 653 365 692 cuidam
374 662 452 704 poenae
462 653 606 693 maturitatem
617 654 735 705 respondit:

67 725 164 762 Nondum
174 730 237 762 tecum
247 726 269 762 iu
278 725 366 774 prauam
378 726 436 762 redii.
464 723 582 763 Annalibus
596 713 639 772 suis
650 724 682 762 vir
691 736 737 762 con-

67 794 142 833 sularis
155 794 250 842 inseruit,
264 793 372 843 frequenti
386 793 491 843 quondam
506 793 606 842 convivio,
617 793 651 832 cui
660 797 681 833 et
691 794 736 844 ipse

37 872 56 902 10
67 864 157 912 affuerit,
168 861 377 913 interrogatum'eum
387 863 456 902 subito
466 867 487 902 et
496 863 551 902 clare
561 864 672 913 aquodam
681 876 736 901 nano

8 956 12 962 ›
67 933 164 972 adstante
179 944 262 971 mensae
277 932 332 970 inter
346 945 436 983 copreae,
451 945 487 971 cur
501 933 604 972 Paconius
618 932 735 972 maiestatis

66 1015 114 1041 reus
124 1006 167 1041 tam
177 1002 215 1040 diu
223 1002 310 1051 viveret,
321 1003 392 1041 statim
402 1001 486 1052 quidem
498 1002 637 1053 petulantiam
651 1003 736 1052 linguae

66 1073 193 1122 obiurgasse,
209 1076 300 1110 ceterum
314 1075 362 1122 post
376 1084 452 1122 paucos
468 1072 513 1111 dies
529 1072 638 1123 scripsisse
654 1072 735 1111 senatui

66 1146 89 1180 ut
100 1142 125 1180 de
135 1153 202 1192 poena
211 1141 289 1179 Paconi
299 1127 460 1192 quamprimum
472 1145 579 1180 statueret.
598 1141 600 1144 ’

36 1221 54 1249 15
92 1212 160 1250 Auxit
176 1211 309 1260 intenditque
326 1211 441 1259 saevitiam,
459 1211 593 1250 exacerbatus
612 1211 690 1250 indicio
709 1212 756 1251 dee

66 1284 132 1319 morte
142 1280 182 1318 filii
192 1279 225 1318 sui
234 1280 304 1318 Drusi.
331 1280 396 1326 Quem
406 1292 453 1318 cum
462 1280 533 1319 morbo
543 1285 564 1319 et
573 1280 735 1331 intemperantia

217 1349 297 1399 perisse
312 1349 447 1398 existimaret,
459 1354 482 1388 nt
491 1350 577 1388 tandem
590 1362 670 1389 veneno
684 1351 735 1398 inte-

65 1393 176 1472 &3530er
216 1421 321 1469 remptum
331 1418 405 1457 fraude
412 1418 502 1457 Liuillae
511 1418 582 1458 uxoris
593 1422 656 1469 atque
664 1419 735 1459 Seiani

65 1492 95 1521 the
102 1492 168 1521 murder
174 1489 192 1520 of
217 1488 319 1537 cognovit,
336 1500 403 1538 neque
419 1488 530 1526 tormentis
546 1501 614 1538 neque
631 1489 735 1540 supplicio

35 1567 54 1595 20
65 1541 131 1570 Drusus

217 1557 339 1607 cuiusquam
349 1557 448 1608 pepercit,
457 1558 496 1597 soli
505 1557 554 1596 huic
562 1558 676 1607 cognitioni
684 1559 735 1597 adeo

65 1641 102 1679 per
111 1631 166 1666 totos
179 1627 223 1665 dies
236 1627 321 1665 deditus
335 1630 356 1665 et
370 1628 471 1676 intentus,
481 1630 505 1665 ut
515 1627 657 1666 Rhodiensem
666 1628 735 1678 hospi-

64 1702 114 1746 tem,
130 1709 192 1747 quem
207 1696 348 1735 familiaribus
363 1696 439 1734 litteris
454 1697 543 1734 Romam
558 1700 659 1746 evocarat,
675 1698 735 1736 adve-

64 1768 121 1806 nisse
136 1767 176 1806 sibi
191 1766 317 1815 nuntiatum,
332 1765 426 1816 torqueri
440 1766 485 1805 sine
498 1778 556 1805 mora
571 1766 661 1817 iusserit,
674 1767 734 1817 quasi

65 1837 142 1887 aliquis
157 1849 182 1875 ex
195 1835 318 1875 necessariis
335 1835 454 1886 quaestioni
468 1836 560 1886 adesset3
577 1835 651 1874 deinde
667 1849 734 1875 errore

35 1916 54 1945 25
65 1908 152 1956 detecto,
170 1909 191 1944 et
210 1905 282 1955 occidi,
301 1917 328 1944 ue
344 1906 440 1955 vulgaret
458 1905 566 1954 iniuriam„
597 1905 734 1945 Oarnificiuae

66 1977 110 2015 eius
120 1976 237 2015 ostenditur
251 1970 308 2014 locus
324 1975 415 2026 Capreis,
425 1977 480 2015 unde
494 1976 602 2014 damnatos
615 1980 663 2026 post
672 1976 735 2025 longa

65 2050 86 2085 et
106 2045 212 2096 exquisita
232 2048 336 2084 tormenta
356 2045 491 2096 praecipitari
509 2057 576 2084 coram
597 2057 619 2084 se
636 2045 660 2084 in
677 2058 734 2084 mare

65 2116 156 2164 iubebat,
172 2115 289 2165 excipiente
306 2115 458 2155 classiariorum
473 2128 537 2154 manu
552 2119 573 2154 et
589 2115 656 2155 contis
672 2119 735 2166 atque

65 2185 128 2225 remis
138 2185 230 2223 elidente
239 2176 346 2234 cadavera,
356 2197 383 2223 ne
393 2185 426 2223 cni
436 2185 515 2224 residui
525 2185 612 2235 spiritus
623 2185 734 2236 quiequam

35 2256 149 2303 aoinesset.
187 2255 349 2305 Excogitaverat
370 2258 440 2294 autem
458 2255 513 2294 inter
537 2268 613 2305 genera
630 2256 734 2294 cruciatus

66 2326 135 2374 etiarn,
154 2329 178 2363 ut
197 2324 255 2374 larga
273 2324 325 2362 meri
347 2324 431 2375 potione
453 2337 490 2375 per
508 2324 614 2364 fallaciam
632 2329 734 2374 oneratos,

66 2399 151 2446 repente
166 2394 254 2433 ueretris
271 2393 375 2443 deligatis,
391 2393 523 2432 fidicularum
542 2394 605 2434 simul
622 2394 735 2444 urinaeque
