1520 2600
227 91 300 123 imru
316 91 349 124 ui.
385 89 505 123 rmuarus.
675 79 702 123 17

32 210 100 248 liberet
111 208 196 245 tuendus
205 208 227 244 iu
237 218 258 244 re
267 207 350 255 prrbb'cq
360 203 488 255 depoposcit,
502 206 582 253 quaudo
597 206 702 258 crrriversqe

32 280 119 327 srrffioere
133 277 193 314 solos,
201 288 257 313 uerno
268 280 341 324 posset,
351 276 392 312 arisi
405 287 450 312 cour
464 275 525 312 <diere
539 275 569 312 cel
584 275 644 312 etium
658 286 702 311 curu

34 348 133 397 piru-ibus
163 344 276 384 Simulavit
285 348 306 382 et
317 343 464 393 valetudinem,
475 356 515 394 quo
525 343 621 394 aequiore
633 343 702 382 animo

33 415 169 456 Germanicus
188 414 276 453 celerem
295 413 446 452 successionem
460 413 494 451 vel
511 416 567 451 certe
581 412 700 451 societatem

29 484 160 536 principatus
168 483 303 534 opperiretur.
327 482 454 533 Compositis
463 482 600 522 seditionibus
610 482 702 521 Ciernen-
712 495 722 524 5

31 560 73 593 tem
93 552 181 603 quoque,
199 551 275 590 fraude
293 551 409 601 deceptum,
428 551 508 600 redegit
527 551 549 589 in
568 555 700 602 potestatem.

32 623 138 672 Libonem,
155 634 182 659 ne
198 621 250 671 quid
264 621 293 658 in·
303 620 396 659 novitate
416 620 509 659 acerbius
528 620 592 670 fieret,
610 622 701 661 secundo

32 693 115 732 demum
129 703 183 731 anno
197 691 219 728 in
234 695 308 729 senatu
322 690 421 739 coarguit,
436 690 505 729 medio
519 690 618 740 temporis
633 691 701 742 spatio

31 765 113 802 tantum
123 773 195 800 cavere
207 764 329 809 contentus;
349 772 398 798 nam
412 763 434 798 et
447 760 502 798 inter
516 759 626 811 pontifices
641 760 702 799 sacri-

31 831 104 871 ficanti
116 829 178 869 simui
192 843 230 880 pro
244 830 347 880 secespita
360 829 481 880 plumbeum
496 824 586 868 cultrum
601 829 702 869 subicien-
712 840 731 870 10

31 902 81 941 dum
91 900 178 956 curavit,
189 903 210 938 et
220 903 322 938 secretum
332 898 414 949 petenti
425 898 509 938 nonnisi
521 899 617 938 adhibito
630 900 700 939 Druso

30 970 75 1009 filio
89 970 154 1018 dedit,
169 969 306 1019 dextramque
320 968 474 1008 obambulantis
488 969 556 1007 veluti
570 969 699 1019 incumbens,

31 1041 98 1091 quoad
108 1043 241 1091 perageretur
251 1051 324 1088 sermo,
335 1037 444 1077 continuit.

0 1117 21 1149 ’6
56 1111 133 1150 Verum
141 1110 242 1149 liberatus
251 1112 315 1158 metu,
323 1108 407 1147 civilem
414 1109 527 1148 admodum
539 1109 594 1148 iuter
604 1109 666 1149 initia
676 1123 700 1149 ac

29 1181 92 1231 paulo
101 1180 170 1218 minus
181 1191 243 1230 quarn
253 1179 360 1229 privatum
370 1178 417 1228 egit.
445 1179 477 1217 Ex
485 1178 585 1234 plurimis
594 1179 700 1218 maximis·
711 1190 730 1218 15

30 1262 70 1301 que
79 1249 191 1288 honoribus
202 1252 284 1300 praeter
293 1260 369 1299 paucos
380 1252 401 1287 et
408 1248 499 1288 modicos
507 1261 548 1287 non
653 1301 657 1307 .

29 1320 113 1371 recepit.
147 1320 245 1358 Natalem
265 1332 331 1368 suum,
348 1317 428 1369 plebeis
445 1318 549 1357 incurren-
566 1300 681 1379 {loffffimg

30 1393 71 1428 tem
86 1389 219 1437 circensibus,
229 1388 266 1426 vix
280 1388 343 1426 nnius
357 1388 418 1438 bigae
432 1388 548 1427 adiectione

29 1458 126 1498 honorari
135 1471 209 1510 passus
220 1462 256 1498 est.
281 1444 374 1509 Ternpia,
381 1457 482 1508 flamines,
491 1459 608 1498 sacerdotes
616 1459 699 1499 decerni
712 1470 715 1476 “

30 1528 70 1568 sibi
79 1528 192 1579 prohibuit,
203 1528 267 1567 etiam
277 1531 357 1567 statuas
369 1531 432 1579 atque
443 1527 545 1578 imagines
559 1529 601 1568 nisi
615 1529 700 1580 permit·
710 1541 730 1570 ao

13 1602 15 1605 '
29 1602 87 1637 teute
101 1611 123 1638 se
136 1598 197 1649 poni:
216 1598 354 1650 permisitque
368 1610 392 1637 ea
406 1597 451 1637 sola
464 1598 591 1648 condicione,
604 1612 629 1637 ne
643 1599 699 1638 inter

30 1668 140 1707 simulacra
149 1669 235 1707 deorum
248 1668 284 1707 sed
298 1668 353 1707 inter
367 1666 489 1708 ornamenta
503 1668 586 1708 aedium
600 1682 699 1720 poneren-

29 1741 69 1776 tur.
97 1738 221 1778 intercessit
232 1742 253 1778 et
266 1750 307 1789 quo
320 1739 389 1778 miuus
403 1738 426 1777 iu
440 1742 487 1778 acta
501 1751 539 1778 sua
553 1740 662 1788 iuraretur,
678 1743 699 1779 et

29 1820 55 1846 ue
75 1808 153 1847 mensis
175 1808 296 1860 September
318 1808 419 1858 Tiberius,
438 1808 526 1848 October
547 1809 621 1849 Livius
641 1822 699 1849 roca-

29 1881 105 1916 rentur.
143 1878 272 1917 Praenomen
291 1890 373 1930 quoque
394 1882 521 1929 cuperctorr's
543 1890 729 1931 cognomenqueas

25 1949 92 1995 putris
107 1951 195 1998 putride,
215 1952 236 1987 et
256 1939 386 1988 civicarum
404 1949 508 1989 vestibulo
528 1961 623 1988 coronam
643 1962 699 1989 recu-

30 2016 94 2068 savit3
109 2031 133 2057 ae
147 2031 173 2057 ne
187 2019 275 2070 Auqustr'
289 2019 373 2070 quidem
388 2032 468 2069 nomen,
479 2032 603 2071 quamquam
619 2019 699 2059 heredi-

29 2086 112 2138 tarium,
122 2088 173 2128 uilis
183 2088 225 2128 nisi
235 2089 262 2127 ad
274 2100 333 2139 reges
345 2101 369 2128 ac
384 2089 483 2141 dynastas
498 2089 595 2141 epistulis
610 2090 697 2130 addidit.

28 2155 74 2195 Nec
90 2158 180 2209 amplius
197 2168 266 2210 quam
276 2171 325 2198 mox
341 2163 384 2198 tres
400 2159 528 2208 consulatus,
545 2172 610 2198 unum
626 2160 699 2211 paucis

30 2225 107 2276 diebus,
118 2228 207 2267 alterum
217 2229 284 2268 tribus
294 2229 406 2280 mensibus,
414 2229 501 2268 tertium
512 2229 587 2269 absens
598 2242 665 2281 usque
676 2230 698 2268 in
710 2245 729 2274 30

29 2294 80 2336 idus
90 2298 159 2338 Maias
169 2299 240 2349 gessit.

0 2365 20 2399 '7
56 2365 194 2407 Adulationes
204 2369 255 2408 adeo
265 2373 373 2408 aversatus
383 2372 422 2419 est,
431 2373 456 2408 ut
465 2369 570 2408 nerninem
580 2373 699 2409 senatorum
