1520 2600
229 130 304 163 ursan
319 130 354 164 ΠΙ,
383 125 508 163 'risumus
647 164 650 167 ,
694 123 706 164 9

35 246 86 286 tatis
104 249 204 297 tempore,
223 246 332 286 confessus
353 246 445 295 tandem,
464 245 518 284 nihil
542 245 600 284 aliud
623 257 706 285 secessu

36 316 141 356 devitasse
150 320 245 367 se'quam
255 316 402 356 aemulationis
412 328 459 355 cum
470 317 491 356 G.
502 316 609 367 Lucioque
621 315 707 367 suspici-

36 400 102 436 onem,
112 387 167 438 petit
176 389 201 426 ut
211 386 251 437 sibi
263 377 335 426 securo
346 386 387 426 iam
400 386 425 425 ab
437 385 476 425 hac
489 390 554 437 parte,
565 386 706 426 conroboratis

35 458 68 497 his
83 461 104 497 et
119 457 233 497 secundum
247 457 315 496 locum
329 456 392 496 facile
409 456 534 507 tutantibus,
548 457 706 508 permitteretur

35 528 126 568 revisere
135 527 307 577 necessitudines,
316 540 405 579 quarum
412 527 516 566 desiderio
523 531 635 567 teneretur.
666 528 706 568 Sed
718 537 727 566 5

35 612 103 650 neque
111 598 233 650 impetravit
243 598 340 649 ultroque
350 598 413 637 etiam
424 598 543 638 admonitus
554 602 592 647 est,
600 600 707 638 sinautem

2 675 26 706 12
36 682 114 708 ociorem
128 682 198 708 crurum
212 682 300 719 sarcinam,
315 681 365 719 quos
378 675 420 708 lom
433 671 505 719 cupido
518 670 634 719 reliquisset.
668 669 707 708 Re-

35 740 113 779 mansit
125 739 190 790 igitur
203 739 274 779 Rhodi
289 743 361 778 contra
372 739 509 789 voluntatem,
519 739 557 778 vix
569 752 606 790 per
618 743 706 778 matrem

36 814 164 860 consecutus,
179 815 203 848 ut
219 810 247 849 ad
262 809 374 849 velandam
390 809 528 859 ignominiam
545 808 606 860 quasi
624 810 706 859 legatus

35 881 132 931 Augusto
146 881 233 920 abesset.
718 885 737 914 10

58 951 174 990 Enimvero
181 954 232 989 tunc
239 963 281 989 non
288 950 394 1001 privatum
402 950 469 1000 modo,
478 950 586 990 sedetiam
594 950 706 989 obnoxium

36 1024 56 1060 et
66 1020 170 1072 trepidum
181 1020 230 1070 egit,
238 1020 396 1074 mediterraneis
407 1020 462 1070 agris
472 1021 556 1061 abditus

35 1091 146 1142 vitansque
156 1090 384 1142 praeternavigantium
396 1090 468 1140 officia,
480 1090 555 1141 quibus

35 1162 208 1212 frequentabatur
218 1161 306 1209 assidue,
317 1161 400 1200 nemine
411 1173 458 1199 cum
468 1160 556 1211 imperio

35 1234 71 1270 aut
77 1231 201 1281 magistratu
206 1231 306 1270 tendente
312 1243 416 1282 quoquam
422 1231 473 1282 quin
479 1232 596 1270 deuerteret
602 1231 705 1270 Rhodum.
718 1241 737 1271 15

35 1302 63 1340 Et
77 1305 209 1341 accesserrmt
225 1300 309 1340 maioris
327 1300 476 1340 sollicitudinis
493 1314 573 1340 causae.
608 1301 707 1353 Namque

35 1371 155 1422 privignum
178 1371 254 1411 Gaium
279 1371 361 1411 Orienti
384 1371 533 1422 praepositum,
555 1384 601 1410 omn
624 1371 707 1411 visendi

573 1077 604 1107 His
610 1077 706 1115 precamus

573 1126 646 1166 position

35 1441 102 1490 gratie
111 1441 229 1481 traiecisset
239 1442 329 1490 Samum,
340 1441 462 1480 alieniorem
472 1441 513 1481 sibi
523 1441 590 1481 sensit
603 1454 628 1481 ex
641 1442 707 1481 crimi-

35 1510 155 1551 nationibus
165 1512 193 1550 M.
203 1511 259 1550 Lolli
269 1511 352 1550 comitis
362 1514 383 1549 et
393 1511 480 1550 rectoris
491 1511 540 1551 eius.
568 1512 634 1551 Venit
643 1512 707 1551 etiam

35 1580 58 1619 in
71 1581 217 1632 suspicionem,
227 1594 264 1632 per
274 1582 375 1632 quosdam
389 1581 490 1620 beneficii·
500 1582 534 1621 sui
548 1582 680 1621 centuriones
695 1594 707 1625 a
718 1593 737 1622 20

35 1654 151 1690 commeatu
167 1655 236 1690 castra
252 1650 367 1702 repetentis
384 1651 485 1690 mandata
501 1651 528 1690 ad
542 1652 659 1703 complures
674 1652 707 1691 de-

35 1720 90 1760 disse
107 1721 204 1770 ambigua
218 1724 239 1760 et
254 1734 307 1772 quae
320 1725 425 1772 temptare
440 1720 569 1771 singulorum
584 1722 664 1761 animos
679 1722 706 1761 ad

34 1803 98 1829 novas
117 1804 150 1829 res
168 1791 295 1830 viderentur.
333 1792 365 1830 De
386 1804 427 1842 qua
450 1791 568 1843 suspicione
587 1792 661 1830 certior
680 1793 706 1832 ab

34 1860 130 1910 Augusto
138 1861 213 1910 iactus,
221 1875 263 1900 non
274 1861 364 1901 cessavit
373 1861 486 1911 efflagitare
495 1861 585 1912 aliquem
594 1861 706 1901 cuiuslibet

1 1934 25 1966 13
35 1930 114 1970 ordinis
127 1931 235 1969 custodem
246 1932 310 1970 factis
324 1934 386 1982 atque
399 1931 462 1971 dictis
477 1931 527 1971 suis.
555 1931 611 1982 Equi
623 1943 706 1982 quoqne
716 1945 736 1974 25

34 2002 56 2037 et
70 2012 173 2039 armorum
188 2001 260 2040 solitas
275 2001 435 2041 exercitationes
453 2001 523 2040 omisit
540 2001 662 2052 redegitque
677 2013 705 2049 se,

35 2068 129 2120 deposito
143 2071 213 2122 patrio
226 2071 305 2122 habitu,
317 2072 344 2112 ad
356 2072 444 2124 pallium
458 2076 479 2111 et
493 2071 594 2123 crepidas,
606 2074 669 2121 atque
683 2071 706 2109 in

34 2139 73 2177 tali
88 2144 145 2180 statu
158 2142 243 2181 biennio
253 2143 429 2193 ferepermansit,
441 2142 579 2194 contemptior
589 2141 611 2179 in
625 2140 670 2180 dies
685 2144 706 2179 et

34 2208 127 2260 invisior,
142 2212 193 2251 adeo
207 2216 231 2251 ut
245 2212 349 2262 imagines
361 2213 406 2252 eius
421 2216 442 2251 et
457 2215 537 2252 statuas
551 2213 705 2251 Nemausenses

35 2279 181 2331 subverterint,
197 2295 220 2321 ac
239 2282 341 2321 familiari
360 2283 464 2333 quondam
483 2282 580 2321 convivio
599 2280 736 2322 mentiones]

35 2350 78 2389 eius
93 2354 144 2401 orta,
155 2351 262 2389 exstiterit
276 2351 313 2401 qui
328 2351 381 2391 Gaio
395 2351 536 2402 polliceretur,
550 2350 662 2391 confestim
676 2363 705 2401 se,

35 2419 53 2457 si
68 2420 155 2470 iuberet,
172 2420 272 2459 Rhodum
287 2421 435 2471 navigaturum
451 2425 555 2473 caputque
572 2421 651 2461 exsulis
666 2421 706 2474 (sie
