1520 2600
266 122 340 153 11111
356 122 387 154 rr.
421 121 493 154 ruso.
675 110 717 153 111

47 238 108 284 tores,
119 248 166 274 cum
178 237 204 275 ob
217 236 282 275 totius
295 236 337 274 diei
348 236 456 275 diritatem
469 249 512 274 non
526 236 585 275 aliud
594 234 718 286 auspicandi

46 309 129 355 tempus
139 305 314 344 accommodatius
321 305 441 356 videretur3
455 318 534 357 proque
541 305 612 344 Palati
618 305 716 355 gradibus

46 375 159 425 imperator
176 375 325 431 consalutatus,
340 375 415 414 lectica
428 375 451 414 in
462 379 531 414 castra
543 379 564 414 et
597 418 601 423 ⁴
679 418 683 423 ,

46 444 95 484 inde
111 445 189 495 raptim
203 445 315 496 appellatis
332 445 435 484 militibus
449 446 471 484 in
485 445 564 484 curiam
581 418 705 494 Rimmon

46 515 128 554 delatus
139 520 176 564 est
188 515 326 566 discessitque
336 515 378 554 iam
385 516 473 565 vesperi,
484 529 510 554 ex
517 515 631 564 immensis,
640 515 715 565 quibus
726 525 736 555 5

46 585 196 634 cumulabatur,
214 585 327 624 honoribus
346 589 429 624 tantum
447 585 513 636 patris
533 584 613 636 patriae
631 584 716 624 nomine

45 658 139 694 recusato
149 660 234 706 propter
244 659 339 694 aetatem.

24 730 35 760 9
73 725 137 764 Orsus
147 725 196 763 lrinc
206 738 218 764 a
227 725 313 776 pietatis
324 725 469 775 ostentatione,
480 725 592 765 Claudium
602 724 716 776 apparatis-

46 795 99 833 simo
113 795 187 833 funere
202 795 280 834 elatum
294 795 389 834 laudavit
403 799 424 834 61
439 796 572 834 consecravit.
601 795 715 834 Memoriae

45 863 126 902 Domiti
138 865 205 914 patris
218 865 307 903 honores
316 865 418 904 maximos
428 864 508 904 habuit.
536 864 602 903 Matri
613 877 715 903 summam
726 872 746 901 10

45 934 145 980 omnium,
161 948 229 973 rerum
256 935 386 986 privatarum
412 935 585 985 publicarumque
612 934 714 985 permisit.

45 1003 117 1042 Primo
127 1004 188 1043 etiam
199 1004 283 1054 imperii
293 1005 327 1042 die
337 1005 420 1055 signum
432 1005 544 1043 excubanti
557 1004 643 1044 tribuno
657 1004 715 1043 dedit

48 1074 150 1123 optaram
162 1070 252 1123 1111111,
263 1086 286 1112 ac
299 1074 397 1124 deinceps
411 1073 503 1113 eiusdem
518 1087 579 1125 saepe
594 1074 668 1113 lectica
678 1086 716 1125 per

45 1142 152 1193 publicum
167 1143 230 1182 simul
243 1147 315 1182 vectus
330 1147 367 1183 est.
400 1144 489 1182 Antium
504 1143 605 1182 coloniam
621 1143 715 1192 deduxit,

45 1212 142 1263 ascriptis
157 1213 262 1252 veteranis
278 1226 289 1252 e
303 1213 408 1264 praetorio
423 1213 543 1264 additisque
560 1226 597 1264 per
614 1213 716 1253 domicilii
727 1220 746 1251 15

44 1282 203 1321 translationem
221 1282 331 1322 ditissimis
348 1282 522 1334 primipilarium
540 1284 577 1323 ubi
594 1286 615 1322 et
632 1289 716 1335 portum

45 1353 113 1403 operis
128 1353 307 1404 sumptuosissimi
321 1354 377 1393 fecit.

11 1432 35 1463 10
71 1423 141 1474 Atque
155 1427 180 1461 ut
194 1423 303 1462 certiorem
317 1424 385 1462 adhuc
399 1420 491 1463 indolem
505 1425 631 1473 ostenderet,
641 1438 665 1463 61
674 1424 716 1463 Aa·

44 1495 97 1543 parsu
103 1496 227 1543 praescripto
234 1493 385 1545 imperaturum
396 1507 417 1533 se
427 1495 541 1545 professus,
549 1507 617 1545 neque
627 1494 717 1534 liberali-

45 1564 95 1603 tatis
105 1575 172 1614 neque
182 1564 311 1614 clementiae,
322 1577 349 1604 ne
363 1565 468 1604 comitatis
479 1561 564 1616 quidem
625 1598 626 1601 ,
646 1618 648 1621 y
727 1570 747 1600 20

45 1634 175 1673 exhibendae
185 1634 252 1690 ullam
266 1634 394 1674 occasionem
408 1636 485 1674 omisit.
514 1635 565 1674 Gra·
581 1618 707 1707 ξζζζῗξζίἒὶἂ

45 1704 104 1743 viora
123 1704 234 1755 vectigalia
253 1709 289 1744 aut
308 1705 400 1744 abolevit
422 1710 459 1744 aut
480 1705 563 1744 minuit.

45 1774 142 1813 Praemia
152 1775 269 1828 delatorum
278 1775 357 1827 Papiae
366 1775 419 1826 legis
431 1777 458 1815 ad
472 1779 556 1827 quartas
567 1776 654 1825 redegit.
682 1776 718 1815 Di-

46 1845 97 1884 visis
108 1845 273 1896 populoviritim
285 1846 435 1898 quadringenis
445 1846 542 1896 nummis,
555 1850 674 1885 senatorum
683 1840 718 1884 no-

45 1914 149 1955 bilissimo
159 1916 239 1967 cuique,
248 1917 284 1956 sed
290 1930 303 1956 a
309 1929 331 1956 re
339 1916 440 1956 familiari
449 1917 550 1956 destituto
558 1929 628 1956 annua
635 1917 716 1966 salaria,
728 1926 747 1956 25

46 1989 68 2024 et
80 1986 206 2037 quibusdam
218 1988 328 2038 quingena,
340 1987 456 2037 constituit,
467 1987 517 2026 item
533 1987 672 2039 praetorianis
687 1999 718 2025 co

20 2088 22 2090 ,
46 2054 141 2096 hortibus
154 2058 284 2098 frumentum
294 2063 423 2099 menstruum
439 2058 559 2109 gratuitum.
588 2058 617 2096 Et
631 2070 678 2097 cum
692 2057 718 2098 de

48 2127 150 2179 supplicio
162 2129 271 2168 cuiusdam
279 2129 351 2192 ¹capite
364 2129 459 2169 damnati
469 2132 493 2168 ut
503 2141 528 2167 ex
538 2141 595 2167 more
606 2128 719 2168 subscribe-

47 2202 79 2237 ret
95 2198 251 2238 adnroneretur:
275 2199 340 2248 erora
356 2201 429 2248 uellem,
445 2199 522 2250 inquit,
538 2202 614 2239 nescire
630 2200 719 2238 litteras!

48 2258 121 2309 Omnis
133 2269 216 2309 ordines
230 2270 318 2309 subinde
332 2282 356 2309 ac
370 2270 490 2308 memoriter
504 2269 611 2309 salutavit.
640 2268 719 2320 Agenti
730 2275 750 2305 30

48 2339 130 2379 senatui
140 2340 218 2388 gratias
228 2339 348 2391 respondit:
366 2339 416 2380 Oum
426 2353 521 2379 rueruero.
541 2340 583 2378 Ad
593 2343 719 2390 campestres
737 2332 739 2335 ⁵

48 2409 208 2449 exercitationes
218 2422 266 2450 suas
276 2410 362 2449 admisit
372 2414 393 2449 et
403 2410 490 2461 plebem,
502 2409 668 2461 declamauitque
679 2421 720 2449 sae·
734 2456 736 2458 Ι
