<?xml version="1.0" encoding="UTF-8"?>
<!DOCTYPE html PUBLIC "-//W3C//DTD XHTML 1.0 Transitional//EN"
    "http://www.w3.org/TR/xhtml1/DTD/xhtml1-transitional.dtd">
<html xmlns="http://www.w3.org/1999/xhtml" xml:lang="en" lang="en">
 <head>
  <title>
</title>
<meta http-equiv="Content-Type" content="text/html;charset=utf-8" />
  <meta name='ocr-system' content='tesseract 3.04.00' />
  <meta name='ocr-capabilities' content='ocr_page ocr_carea ocr_par ocr_line ocrx_word'/>
</head>
<body>
  <div class='ocr_page' id='page_1' title='image "MN40042ucmf_5_0046.png"; bbox 0 0 1520 2600; ppageno 0'>
   <div class='ocr_carea' id='block_1_1' title="bbox 71 84 704 131">
    <p class='ocr_par' dir='ltr' id='par_1_1' title="bbox 71 84 704 131">
     <span class='ocr_line' id='line_1_1' title="bbox 71 84 704 131; baseline -0.003 -6"><span class='ocrx_word' id='word_1_1' title='bbox 71 84 83 126; x_wconf 82' lang='grc'>6</span> <span class='ocrx_word' id='word_1_2' title='bbox 122 92 141 124; x_wconf 82' lang='lat' dir='ltr'>C.</span> <span class='ocrx_word' id='word_1_3' title='bbox 159 91 263 124; x_wconf 82' lang='lat' dir='ltr'>SUETONI</span> <span class='ocrx_word' id='word_1_4' title='bbox 278 90 430 131; x_wconf 83' lang='lat' dir='ltr'><strong>TRANQUILLI</strong></span> <span class='ocrx_word' id='word_1_5' title='bbox 445 91 478 123; x_wconf 84' lang='lat' dir='ltr'>DE</span> <span class='ocrx_word' id='word_1_6' title='bbox 492 91 553 123; x_wconf 80' lang='lat' dir='ltr'>VITA</span> <span class='ocrx_word' id='word_1_7' title='bbox 569 90 704 124; x_wconf 81' lang='lat' dir='ltr'><strong>CAESARUM</strong></span> 
     </span>
    </p>
   </div>
   <div class='ocr_carea' id='block_1_2' title="bbox 38 204 760 2413">
    <p class='ocr_par' dir='ltr' id='par_1_2' title="bbox 38 204 760 2413">
     <span class='ocr_line' id='line_1_2' title="bbox 70 204 746 256; baseline 0 -12"><span class='ocrx_word' id='word_1_8' title='bbox 70 206 141 256; x_wconf 87' lang='lat' dir='ltr'>animi,</span> <span class='ocrx_word' id='word_1_9' title='bbox 161 218 209 244; x_wconf 84' lang='lat' dir='ltr'>cuni</span> <span class='ocrx_word' id='word_1_10' title='bbox 227 209 248 244; x_wconf 91' lang='lat' dir='ltr'>et</span> <span class='ocrx_word' id='word_1_11' title='bbox 266 204 397 256; x_wconf 76' lang='lat' dir='ltr'>Agrippinae</span> <span class='ocrx_word' id='word_1_12' title='bbox 418 204 569 244; x_wconf 89' lang='lat' dir='ltr'>consuetudine</span> <span class='ocrx_word' id='word_1_13' title='bbox 590 209 697 244; x_wconf 89' lang='lat' dir='ltr'>teneretur</span> <span class='ocrx_word' id='word_1_14' title='bbox 718 209 746 244; x_wconf 84' lang='lat' dir='ltr'>et</span> 
     </span>
     <span class='ocr_line' id='line_1_3' title="bbox 70 275 739 326; baseline 0 -12"><span class='ocrx_word' id='word_1_15' title='bbox 70 276 138 315; x_wconf 87' lang='lat' dir='ltr'>Iuliae</span> <span class='ocrx_word' id='word_1_16' title='bbox 151 287 218 314; x_wconf 88' lang='lat' dir='ltr'>mores</span> <span class='ocrx_word' id='word_1_17' title='bbox 231 275 368 326; x_wconf 87' lang='lat' dir='ltr'>improbaret;</span> <span class='ocrx_word' id='word_1_18' title='bbox 383 278 483 325; x_wconf 88' lang='lat' dir='ltr'>utquam</span> <span class='ocrx_word' id='word_1_19' title='bbox 497 276 597 314; x_wconf 76' lang='lat' dir='ltr'>sensisset</span> <span class='ocrx_word' id='word_1_20' title='bbox 611 275 644 314; x_wconf 92' lang='lat' dir='ltr'>sui</span> <span class='ocrx_word' id='word_1_21' title='bbox 656 288 739 326; x_wconf 84' lang='lat' dir='ltr'>quoque</span> 
     </span>
     <span class='ocr_line' id='line_1_4' title="bbox 70 345 739 396; baseline 0 -11"><span class='ocrx_word' id='word_1_22' title='bbox 70 347 108 385; x_wconf 89' lang='lat' dir='ltr'>sub</span> <span class='ocrx_word' id='word_1_23' title='bbox 124 345 193 396; x_wconf 87' lang='lat' dir='ltr'>priore</span> <span class='ocrx_word' id='word_1_24' title='bbox 209 345 284 384; x_wconf 87' lang='lat' dir='ltr'>marito</span> <span class='ocrx_word' id='word_1_25' title='bbox 301 348 440 396; x_wconf 77' lang='lat' dir='ltr'>appetentem,</span> <span class='ocrx_word' id='word_1_26' title='bbox 458 345 514 395; x_wconf 90' lang='lat' dir='ltr'>qnod</span> <span class='ocrx_word' id='word_1_27' title='bbox 530 358 580 385; x_wconf 87' lang='lat' dir='ltr'>sane</span> <span class='ocrx_word' id='word_1_28' title='bbox 596 346 660 384; x_wconf 85' lang='lat' dir='ltr'>etiam</span> <span class='ocrx_word' id='word_1_29' title='bbox 676 347 739 396; x_wconf 82' lang='lat' dir='ltr'>vulgo</span> 
     </span>
     <span class='ocr_line' id='line_1_5' title="bbox 70 414 739 466; baseline -0.001 -11"><span class='ocrx_word' id='word_1_30' title='bbox 70 415 235 455; x_wconf 84' lang='lat' dir='ltr'>existimabatur.</span> <span class='ocrx_word' id='word_1_31' title='bbox 264 414 305 454; x_wconf 80' lang='lat' dir='ltr'>Sed</span> <span class='ocrx_word' id='word_1_32' title='bbox 319 414 459 465; x_wconf 78' lang='lat' dir='ltr'>Agrippinam</span> <span class='ocrx_word' id='word_1_33' title='bbox 473 418 494 453; x_wconf 89' lang='lat' dir='ltr'>et</span> <span class='ocrx_word' id='word_1_34' title='bbox 507 414 601 464; x_wconf 75' lang='lat' dir='ltr'>abegisse</span> <span class='ocrx_word' id='word_1_35' title='bbox 614 419 662 466; x_wconf 88' lang='lat' dir='ltr'>post</span> <span class='ocrx_word' id='word_1_36' title='bbox 672 416 739 455; x_wconf 83' lang='lat' dir='ltr'>diror-</span> 
     </span>
     <span class='ocr_line' id='line_1_6' title="bbox 49 484 739 535; baseline 0.003 -12"><span class='ocrx_word' id='word_1_37' title='bbox 49 485 121 524; x_wconf 85' lang='lat' dir='ltr'>5tium</span> <span class='ocrx_word' id='word_1_38' title='bbox 142 485 216 535; x_wconf 87' lang='lat' dir='ltr'>doluit,</span> <span class='ocrx_word' id='word_1_39' title='bbox 233 488 254 523; x_wconf 90' lang='lat' dir='ltr'>et</span> <span class='ocrx_word' id='word_1_40' title='bbox 270 484 335 524; x_wconf 88' lang='lat' dir='ltr'>semel</span> <span class='ocrx_word' id='word_1_41' title='bbox 354 484 438 524; x_wconf 89' lang='lat' dir='ltr'>omnino</span> <span class='ocrx_word' id='word_1_42' title='bbox 457 496 483 524; x_wconf 91' lang='lat' dir='ltr'>ex</span> <span class='ocrx_word' id='word_1_43' title='bbox 501 497 587 524; x_wconf 89' lang='lat' dir='ltr'>occursu</span> <span class='ocrx_word' id='word_1_44' title='bbox 604 486 670 524; x_wconf 86' lang='lat' dir='ltr'>visam</span> <span class='ocrx_word' id='word_1_45' title='bbox 687 487 739 525; x_wconf 90' lang='lat' dir='ltr'>adeo</span> 
     </span>
     <span class='ocr_line' id='line_1_7' title="bbox 69 553 739 605; baseline 0 -11"><span class='ocrx_word' id='word_1_46' title='bbox 69 556 173 594; x_wconf 90' lang='lat' dir='ltr'>contentis</span> <span class='ocrx_word' id='word_1_47' title='bbox 189 558 210 594; x_wconf 92' lang='lat' dir='ltr'>et</span> <span class='ocrx_word' id='word_1_48' title='bbox 225 554 345 593; x_wconf 88' lang='lat' dir='ltr'>umentibus</span> <span class='ocrx_word' id='word_1_49' title='bbox 361 553 426 593; x_wconf 89' lang='lat' dir='ltr'>oculis</span> <span class='ocrx_word' id='word_1_50' title='bbox 442 558 568 605; x_wconf 87' lang='lat' dir='ltr'>prosecutus</span> <span class='ocrx_word' id='word_1_51' title='bbox 580 559 618 604; x_wconf 86' lang='lat' dir='ltr'>est,</span> <span class='ocrx_word' id='word_1_52' title='bbox 633 559 658 593; x_wconf 90' lang='lat' dir='ltr'>ut</span> <span class='ocrx_word' id='word_1_53' title='bbox 672 559 739 595; x_wconf 90' lang='lat' dir='ltr'>custo-</span> 
     </span>
     <span class='ocr_line' id='line_1_8' title="bbox 69 623 737 675; baseline 0 -11"><span class='ocrx_word' id='word_1_54' title='bbox 69 625 137 664; x_wconf 86' lang='lat' dir='ltr'>ditum</span> <span class='ocrx_word' id='word_1_55' title='bbox 148 625 176 664; x_wconf 91' lang='lat' dir='ltr'>sit</span> <span class='ocrx_word' id='word_1_56' title='bbox 185 637 211 663; x_wconf 90' lang='lat' dir='ltr'>ne</span> <span class='ocrx_word' id='word_1_57' title='bbox 224 637 324 675; x_wconf 84' lang='lat' dir='ltr'>umquam</span> <span class='ocrx_word' id='word_1_58' title='bbox 336 623 359 662; x_wconf 89' lang='lat' dir='ltr'>in</span> <span class='ocrx_word' id='word_1_59' title='bbox 372 627 506 674; x_wconf 88' lang='lat' dir='ltr'>conspectum</span> <span class='ocrx_word' id='word_1_60' title='bbox 520 623 540 663; x_wconf 90' lang='lat' dir='ltr'>ei</span> <span class='ocrx_word' id='word_1_61' title='bbox 551 625 640 675; x_wconf 85' lang='lat' dir='ltr'>posthac</span> <span class='ocrx_word' id='word_1_62' title='bbox 650 625 737 664; x_wconf 83' lang='lat' dir='ltr'>veniret.</span> 
     </span>
     <span class='ocr_line' id='line_1_9' title="bbox 69 694 738 745; baseline -0.001 -11"><span class='ocrx_word' id='word_1_63' title='bbox 69 695 121 734; x_wconf 83' lang='lat' dir='ltr'>Cum</span> <span class='ocrx_word' id='word_1_64' title='bbox 131 695 188 733; x_wconf 86' lang='lat' dir='ltr'>lulia</span> <span class='ocrx_word' id='word_1_65' title='bbox 196 694 264 745; x_wconf 86' lang='lat' dir='ltr'>primo</span> <span class='ocrx_word' id='word_1_66' title='bbox 277 694 406 732; x_wconf 88' lang='lat' dir='ltr'>concorditer</span> <span class='ocrx_word' id='word_1_67' title='bbox 416 697 437 732; x_wconf 89' lang='lat' dir='ltr'>et</span> <span class='ocrx_word' id='word_1_68' title='bbox 447 705 516 732; x_wconf 87' lang='lat' dir='ltr'>amore</span> <span class='ocrx_word' id='word_1_69' title='bbox 526 697 599 732; x_wconf 86' lang='lat' dir='ltr'>mutuo</span> <span class='ocrx_word' id='word_1_70' title='bbox 609 694 674 744; x_wconf 75' lang='lat' dir='ltr'>uixit,</span> <span class='ocrx_word' id='word_1_71' title='bbox 690 707 738 733; x_wconf 91' lang='lat' dir='ltr'>mox</span> 
     </span>
     <span class='ocr_line' id='line_1_10' title="bbox 69 763 739 814; baseline 0 -11"><span class='ocrx_word' id='word_1_72' title='bbox 69 764 164 814; x_wconf 74' lang='lat' dir='ltr'>dissedit,</span> <span class='ocrx_word' id='word_1_73' title='bbox 180 767 201 803; x_wconf 89' lang='lat' dir='ltr'>et</span> <span class='ocrx_word' id='word_1_74' title='bbox 217 763 325 814; x_wconf 86' lang='lat' dir='ltr'>aliquanto</span> <span class='ocrx_word' id='word_1_75' title='bbox 342 763 432 813; x_wconf 77' lang='lat' dir='ltr'>grauius,</span> <span class='ocrx_word' id='word_1_76' title='bbox 447 767 472 802; x_wconf 86' lang='lat' dir='ltr'>ut</span> <span class='ocrx_word' id='word_1_77' title='bbox 488 763 552 802; x_wconf 88' lang='lat' dir='ltr'>etiam</span> <span class='ocrx_word' id='word_1_78' title='bbox 566 767 668 814; x_wconf 86' lang='lat' dir='ltr'>perpetuo</span> <span class='ocrx_word' id='word_1_79' title='bbox 683 776 739 803; x_wconf 88' lang='lat' dir='ltr'>secu-</span> 
     </span>
     <span class='ocr_line' id='line_1_11' title="bbox 39 832 754 883; baseline 0.003 -13"><span class='ocrx_word' id='word_1_80' title='bbox 39 835 133 883; x_wconf 75' lang='lat' dir='ltr'>labaret,</span> <span class='ocrx_word' id='word_1_81' title='bbox 149 834 264 883; x_wconf 86' lang='lat' dir='ltr'>intercepto</span> <span class='ocrx_word' id='word_1_82' title='bbox 279 833 396 872; x_wconf 88' lang='lat' dir='ltr'>communis</span> <span class='ocrx_word' id='word_1_83' title='bbox 411 832 443 871; x_wconf 88' lang='lat' dir='ltr'>fili</span> <span class='ocrx_word' id='word_1_84' title='bbox 462 833 554 883; x_wconf 84' lang='lat' dir='ltr'>pignore,</span> <span class='ocrx_word' id='word_1_85' title='bbox 573 833 609 883; x_wconf 88' lang='lat' dir='ltr'>qui</span> <span class='ocrx_word' id='word_1_86' title='bbox 627 832 738 883; x_wconf 82' lang='lat' dir='ltr'>Aquileiae</span> <span class='ocrx_word' id='word_1_87' title='bbox 752 842 754 844; x_wconf 84' lang='grc'><em>“</em></span> 
     </span>
     <span class='ocr_line' id='line_1_12' title="bbox 68 902 738 954; baseline -0.001 -12"><span class='ocrx_word' id='word_1_88' title='bbox 68 908 130 942; x_wconf 87' lang='lat' dir='ltr'>natus</span> <span class='ocrx_word' id='word_1_89' title='bbox 144 904 215 942; x_wconf 81' lang='lat' dir='ltr'>infans</span> <span class='ocrx_word' id='word_1_90' title='bbox 233 902 350 941; x_wconf 83' lang='lat' dir='ltr'>exstinctus</span> <span class='ocrx_word' id='word_1_91' title='bbox 365 905 403 941; x_wconf 91' lang='lat' dir='ltr'>est.</span> <span class='ocrx_word' id='word_1_92' title='bbox 434 902 528 941; x_wconf 83' lang='lat' dir='ltr'>Drusum</span> <span class='ocrx_word' id='word_1_93' title='bbox 544 902 632 941; x_wconf 77' lang='lat' dir='ltr'>fratrem</span> <span class='ocrx_word' id='word_1_94' title='bbox 648 902 672 954; x_wconf 86' lang='lat' dir='ltr'>in</span> <span class='ocrx_word' id='word_1_95' title='bbox 688 903 738 942; x_wconf 84' lang='lat' dir='ltr'>Ger-</span> 
     </span>
     <span class='ocr_line' id='line_1_13' title="bbox 68 971 739 1023; baseline -0.001 -11"><span class='ocrx_word' id='word_1_96' title='bbox 68 973 139 1012; x_wconf 86' lang='lat' dir='ltr'>mania</span> <span class='ocrx_word' id='word_1_97' title='bbox 157 972 234 1021; x_wconf 87' lang='lat' dir='ltr'>amisit,</span> <span class='ocrx_word' id='word_1_98' title='bbox 251 971 309 1010; x_wconf 89' lang='lat' dir='ltr'>cuius</span> <span class='ocrx_word' id='word_1_99' title='bbox 326 984 407 1022; x_wconf 89' lang='lat' dir='ltr'>corpus,</span> <span class='ocrx_word' id='word_1_100' title='bbox 423 971 513 1022; x_wconf 90' lang='lat' dir='ltr'>pedibus</span> <span class='ocrx_word' id='word_1_101' title='bbox 529 975 575 1010; x_wconf 91' lang='lat' dir='ltr'>toto</span> <span class='ocrx_word' id='word_1_102' title='bbox 591 971 666 1011; x_wconf 89' lang='lat' dir='ltr'>itinere</span> <span class='ocrx_word' id='word_1_103' title='bbox 681 984 739 1023; x_wconf 73' lang='lat' dir='ltr'>prae</span> 
     </span>
     <span class='ocr_line' id='line_1_14' title="bbox 68 1026 469 1093; baseline -0.005 -12"><span class='ocrx_word' id='word_1_104' title='bbox 68 1026 171 1093; x_wconf 66' lang='lat' dir='ltr'>igrediens,</span> <span class='ocrx_word' id='word_1_105' title='bbox 184 1043 273 1080; x_wconf 76' lang='lat' dir='ltr'>Romam</span> <span class='ocrx_word' id='word_1_106' title='bbox 287 1054 353 1091; x_wconf 85' lang='lat' dir='ltr'>usque</span> <span class='ocrx_word' id='word_1_107' title='bbox 368 1040 469 1092; x_wconf 79' lang='lat' dir='ltr'>pervexit.</span> 
     </span>
     <span class='ocr_line' id='line_1_15' title="bbox 95 1110 759 1159; baseline -0.003 -9"><span class='ocrx_word' id='word_1_108' title='bbox 95 1111 195 1151; x_wconf 77' lang='lat' dir='ltr'>Ciuilium</span> <span class='ocrx_word' id='word_1_109' title='bbox 205 1110 318 1149; x_wconf 88' lang='lat' dir='ltr'>officiorum</span> <span class='ocrx_word' id='word_1_110' title='bbox 327 1110 454 1149; x_wconf 81' lang='lat' dir='ltr'>rudimentis</span> <span class='ocrx_word' id='word_1_111' title='bbox 464 1122 533 1159; x_wconf 84' lang='lat' dir='ltr'>regem</span> <span class='ocrx_word' id='word_1_112' title='bbox 544 1110 671 1149; x_wconf 75' lang='lat' dir='ltr'>Archelaum</span> <span class='ocrx_word' id='word_1_113' title='bbox 681 1110 738 1150; x_wconf 84' lang='lat' dir='ltr'>Trai·</span> <span class='ocrx_word' id='word_1_114' title='bbox 747 1116 759 1148; x_wconf 85' lang='lat'>8</span> 
     </span>
     <span class='ocr_line' id='line_1_16' title="bbox 38 1179 737 1230; baseline 0.001 -12"><span class='ocrx_word' id='word_1_115' title='bbox 38 1198 57 1227; x_wconf 86' lang='lat'>15</span> <span class='ocrx_word' id='word_1_116' title='bbox 217 1180 286 1219; x_wconf 90' lang='lat' dir='ltr'>lianos</span> <span class='ocrx_word' id='word_1_117' title='bbox 300 1183 322 1218; x_wconf 89' lang='lat' dir='ltr'>et</span> <span class='ocrx_word' id='word_1_118' title='bbox 333 1179 451 1229; x_wconf 77' lang='lat' dir='ltr'>Thessalos,</span> <span class='ocrx_word' id='word_1_119' title='bbox 462 1179 521 1218; x_wconf 86' lang='lat' dir='ltr'>varia</span> <span class='ocrx_word' id='word_1_120' title='bbox 531 1192 623 1230; x_wconf 86' lang='lat' dir='ltr'>quosque</span> <span class='ocrx_word' id='word_1_121' title='bbox 633 1180 659 1218; x_wconf 91' lang='lat' dir='ltr'>de</span> <span class='ocrx_word' id='word_1_122' title='bbox 669 1192 737 1230; x_wconf 85' lang='lat' dir='ltr'>causa,</span> 
     </span>
     <span class='ocr_line' id='line_1_17' title="bbox 67 1235 739 1315; baseline 0 -28"><span class='ocrx_word' id='word_1_123' title='bbox 67 1235 171 1315; x_wconf 49' lang='lat' dir='ltr'>{QM</span> <span class='ocrx_word' id='word_1_124' title='bbox 217 1250 315 1299; x_wconf 79' lang='lat' dir='ltr'>Augusto</span> <span class='ocrx_word' id='word_1_125' title='bbox 331 1252 468 1298; x_wconf 80' lang='lat' dir='ltr'>cognoscente</span> <span class='ocrx_word' id='word_1_126' title='bbox 484 1248 590 1298; x_wconf 72' lang='lat' dir='ltr'>defendit,</span> <span class='ocrx_word' id='word_1_127' title='bbox 610 1262 648 1300; x_wconf 93' lang='lat' dir='ltr'>pro</span> <span class='ocrx_word' id='word_1_128' title='bbox 664 1249 739 1288; x_wconf 87' lang='lat' dir='ltr'>Laodi-</span> 
     </span>
     <span class='ocr_line' id='line_1_18' title="bbox 219 1318 738 1369; baseline 0.002 -12"><span class='ocrx_word' id='word_1_129' title='bbox 219 1319 275 1358; x_wconf 80' lang='lat' dir='ltr'>cenis</span> <span class='ocrx_word' id='word_1_130' title='bbox 286 1318 422 1369; x_wconf 81' lang='lat' dir='ltr'>Thyatirenis</span> <span class='ocrx_word' id='word_1_131' title='bbox 433 1318 498 1366; x_wconf 77' lang='lat' dir='ltr'>chiis,</span> <span class='ocrx_word' id='word_1_132' title='bbox 509 1321 646 1357; x_wconf 83' lang='lat' dir='ltr'>terraemotu</span> <span class='ocrx_word' id='word_1_133' title='bbox 654 1318 738 1358; x_wconf 81' lang='lat' dir='ltr'>afflictis</span> 
     </span>
     <span class='ocr_line' id='line_1_19' title="bbox 68 1387 739 1439; baseline 0 -13"><span class='ocrx_word' id='word_1_134' title='bbox 68 1400 169 1439; x_wconf 83' lang='lat' dir='ltr'>opemque</span> <span class='ocrx_word' id='word_1_135' title='bbox 175 1388 341 1438; x_wconf 80' lang='lat' dir='ltr'>implorantibus,</span> <span class='ocrx_word' id='word_1_136' title='bbox 349 1390 444 1426; x_wconf 89' lang='lat' dir='ltr'>senatum</span> <span class='ocrx_word' id='word_1_137' title='bbox 452 1387 575 1437; x_wconf 87' lang='lat' dir='ltr'>deprecatus</span> <span class='ocrx_word' id='word_1_138' title='bbox 580 1391 623 1437; x_wconf 76' lang='lat' dir='ltr'>est3</span> <span class='ocrx_word' id='word_1_139' title='bbox 633 1387 739 1426; x_wconf 80' lang='lat' dir='ltr'>Fanniinn</span> 
     </span>
     <span class='ocr_line' id='line_1_20' title="bbox 68 1443 739 1514; baseline 0.001 -18"><span class='ocrx_word' id='word_1_140' title='bbox 68 1443 200 1508; x_wconf 81' lang='lat' dir='ltr'>Caepionem,</span> <span class='ocrx_word' id='word_1_141' title='bbox 210 1457 247 1508; x_wconf 89' lang='lat' dir='ltr'>qui</span> <span class='ocrx_word' id='word_1_142' title='bbox 260 1469 307 1495; x_wconf 88' lang='lat' dir='ltr'>eum</span> <span class='ocrx_word' id='word_1_143' title='bbox 317 1448 411 1495; x_wconf 83' lang='lat' dir='ltr'>Varrone</span> <span class='ocrx_word' id='word_1_144' title='bbox 425 1457 514 1495; x_wconf 86' lang='lat' dir='ltr'>Murena</span> <span class='ocrx_word' id='word_1_145' title='bbox 527 1456 550 1494; x_wconf 91' lang='lat' dir='ltr'>in</span> <span class='ocrx_word' id='word_1_146' title='bbox 559 1456 679 1514; x_wconf 80' lang='lat' dir='ltr'>Augustum</span> <span class='ocrx_word' id='word_1_147' title='bbox 693 1469 739 1497; x_wconf 89' lang='lat' dir='ltr'>eon-</span> 
     </span>
     <span class='ocr_line' id='line_1_21' title="bbox 38 1526 739 1577; baseline 0.001 -13"><span class='ocrx_word' id='word_1_148' title='bbox 38 1535 57 1564; x_wconf 77' lang='lat' dir='ltr'>ro</span> <span class='ocrx_word' id='word_1_149' title='bbox 69 1528 190 1577; x_wconf 83' lang='lat' dir='ltr'>spiraverat,</span> <span class='ocrx_word' id='word_1_150' title='bbox 198 1539 257 1565; x_wconf 85' lang='lat' dir='ltr'>reunr</span> <span class='ocrx_word' id='word_1_151' title='bbox 267 1526 384 1565; x_wconf 87' lang='lat' dir='ltr'>maiestatis</span> <span class='ocrx_word' id='word_1_152' title='bbox 395 1527 451 1577; x_wconf 89' lang='lat' dir='ltr'>apud</span> <span class='ocrx_word' id='word_1_153' title='bbox 461 1526 540 1565; x_wconf 88' lang='lat' dir='ltr'>iudices</span> <span class='ocrx_word' id='word_1_154' title='bbox 551 1526 604 1565; x_wconf 76' lang='lat' dir='ltr'>tecit</span> <span class='ocrx_word' id='word_1_155' title='bbox 613 1530 635 1565; x_wconf 89' lang='lat' dir='ltr'>et</span> <span class='ocrx_word' id='word_1_156' title='bbox 644 1527 739 1565; x_wconf 89' lang='lat' dir='ltr'>condem-</span> 
     </span>
     <span class='ocr_line' id='line_1_22' title="bbox 68 1595 739 1647; baseline 0.001 -13"><span class='ocrx_word' id='word_1_157' title='bbox 68 1597 132 1635; x_wconf 76' lang='lat' dir='ltr'>nanit.</span> <span class='ocrx_word' id='word_1_158' title='bbox 161 1597 261 1647; x_wconf 74' lang='lat' dir='ltr'>interque</span> <span class='ocrx_word' id='word_1_159' title='bbox 271 1596 322 1634; x_wconf 87' lang='lat' dir='ltr'>haee</span> <span class='ocrx_word' id='word_1_160' title='bbox 332 1595 436 1647; x_wconf 84' lang='lat' dir='ltr'>duplicem</span> <span class='ocrx_word' id='word_1_161' title='bbox 450 1608 520 1634; x_wconf 87' lang='lat' dir='ltr'>curam</span> <span class='ocrx_word' id='word_1_162' title='bbox 532 1596 694 1645; x_wconf 84' lang='lat' dir='ltr'>administravit,</span> <span class='ocrx_word' id='word_1_163' title='bbox 705 1609 739 1635; x_wconf 91' lang='lat' dir='ltr'>au-</span> 
     </span>
     <span class='ocr_line' id='line_1_23' title="bbox 52 1666 739 1720; baseline 0.001 -16"><span class='ocrx_word' id='word_1_164' title='bbox 52 1715 56 1720; x_wconf 23' lang='lat'><em>⁴</em></span> <span class='ocrx_word' id='word_1_165' title='bbox 68 1678 134 1705; x_wconf 88' lang='lat' dir='ltr'>nonae</span> <span class='ocrx_word' id='word_1_166' title='bbox 144 1678 197 1717; x_wconf 89' lang='lat' dir='ltr'>quae</span> <span class='ocrx_word' id='word_1_167' title='bbox 210 1667 275 1705; x_wconf 87' lang='lat' dir='ltr'>artior</span> <span class='ocrx_word' id='word_1_168' title='bbox 286 1666 395 1714; x_wconf 85' lang='lat' dir='ltr'>inciderat,</span> <span class='ocrx_word' id='word_1_169' title='bbox 402 1669 424 1704; x_wconf 89' lang='lat' dir='ltr'>et</span> <span class='ocrx_word' id='word_1_170' title='bbox 433 1666 610 1717; x_wconf 83' lang='lat' dir='ltr'>repurgandorum</span> <span class='ocrx_word' id='word_1_171' title='bbox 620 1669 666 1705; x_wconf 90' lang='lat' dir='ltr'>tota</span> <span class='ocrx_word' id='word_1_172' title='bbox 675 1666 739 1705; x_wconf 86' lang='lat' dir='ltr'>Italia</span> 
     </span>
     <span class='ocr_line' id='line_1_24' title="bbox 69 1735 739 1786; baseline -0.001 -11"><span class='ocrx_word' id='word_1_173' title='bbox 69 1736 227 1785; x_wconf 82' lang='lat' dir='ltr'>ergastulorum,</span> <span class='ocrx_word' id='word_1_174' title='bbox 238 1749 325 1786; x_wconf 86' lang='lat' dir='ltr'>quorum</span> <span class='ocrx_word' id='word_1_175' title='bbox 335 1735 415 1773; x_wconf 88' lang='lat' dir='ltr'>domini</span> <span class='ocrx_word' id='word_1_176' title='bbox 424 1735 448 1773; x_wconf 92' lang='lat' dir='ltr'>in</span> <span class='ocrx_word' id='word_1_177' title='bbox 457 1735 560 1774; x_wconf 77' lang='lat' dir='ltr'>invidiam</span> <span class='ocrx_word' id='word_1_178' title='bbox 567 1738 668 1774; x_wconf 86' lang='lat' dir='ltr'>venerant</span> <span class='ocrx_word' id='word_1_179' title='bbox 678 1736 739 1786; x_wconf 85' lang='lat' dir='ltr'>quasi</span> 
     </span>
     <span class='ocr_line' id='line_1_25' title="bbox 69 1804 738 1857; baseline -0.001 -12"><span class='ocrx_word' id='word_1_180' title='bbox 69 1810 166 1857; x_wconf 89' lang='lat' dir='ltr'>exceptos</span> <span class='ocrx_word' id='word_1_181' title='bbox 181 1806 341 1857; x_wconf 86' lang='lat' dir='ltr'>supprimerent,</span> <span class='ocrx_word' id='word_1_182' title='bbox 355 1817 398 1843; x_wconf 90' lang='lat' dir='ltr'>non</span> <span class='ocrx_word' id='word_1_183' title='bbox 413 1804 480 1844; x_wconf 92' lang='lat' dir='ltr'>solum</span> <span class='ocrx_word' id='word_1_184' title='bbox 494 1804 585 1844; x_wconf 89' lang='lat' dir='ltr'>viatores</span> <span class='ocrx_word' id='word_1_185' title='bbox 601 1806 637 1844; x_wconf 91' lang='lat' dir='ltr'>sed</span> <span class='ocrx_word' id='word_1_186' title='bbox 651 1809 673 1844; x_wconf 88' lang='lat' dir='ltr'>et</span> <span class='ocrx_word' id='word_1_187' title='bbox 687 1818 738 1856; x_wconf 85' lang='lat' dir='ltr'>quos</span> 
     </span>
     <span class='ocr_line' id='line_1_26' title="bbox 38 1875 683 1925; baseline -0.005 -9"><span class='ocrx_word' id='word_1_188' title='bbox 38 1887 58 1916; x_wconf 83' lang='lat'>25</span> <span class='ocrx_word' id='word_1_189' title='bbox 69 1875 194 1915; x_wconf 86' lang='lat' dir='ltr'>sacramenti</span> <span class='ocrx_word' id='word_1_190' title='bbox 205 1879 273 1914; x_wconf 87' lang='lat' dir='ltr'>metus</span> <span class='ocrx_word' id='word_1_191' title='bbox 284 1875 364 1914; x_wconf 89' lang='lat' dir='ltr'>adeius</span> <span class='ocrx_word' id='word_1_192' title='bbox 374 1875 431 1913; x_wconf 90' lang='lat' dir='ltr'>modi</span> <span class='ocrx_word' id='word_1_193' title='bbox 441 1875 531 1914; x_wconf 86' lang='lat' dir='ltr'>latebras</span> <span class='ocrx_word' id='word_1_194' title='bbox 542 1875 683 1925; x_wconf 88' lang='lat' dir='ltr'>compulisset.</span> 
     </span>
     <span class='ocr_line' id='line_1_27' title="bbox 96 1943 760 1995; baseline -0.003 -12"><span class='ocrx_word' id='word_1_195' title='bbox 96 1944 207 1995; x_wconf 83' lang='lat' dir='ltr'>Stipendia</span> <span class='ocrx_word' id='word_1_196' title='bbox 218 1945 287 1995; x_wconf 88' lang='lat' dir='ltr'>prima</span> <span class='ocrx_word' id='word_1_197' title='bbox 296 1944 429 1995; x_wconf 75' lang='lat' dir='ltr'>expeditione</span> <span class='ocrx_word' id='word_1_198' title='bbox 439 1944 563 1983; x_wconf 80' lang='lat' dir='ltr'>Cantabrica</span> <span class='ocrx_word' id='word_1_199' title='bbox 575 1943 673 1983; x_wconf 87' lang='lat' dir='ltr'>tribunus</span> <span class='ocrx_word' id='word_1_200' title='bbox 686 1943 739 1982; x_wconf 81' lang='lat' dir='ltr'>mili·</span> <span class='ocrx_word' id='word_1_201' title='bbox 751 1952 760 1968; x_wconf 73' lang='lat'>·.</span> 
     </span>
     <span class='ocr_line' id='line_1_28' title="bbox 219 2013 739 2062; baseline 0 -10"><span class='ocrx_word' id='word_1_202' title='bbox 219 2018 265 2052; x_wconf 89' lang='lat' dir='ltr'>tum</span> <span class='ocrx_word' id='word_1_203' title='bbox 276 2013 334 2062; x_wconf 79' lang='lat' dir='ltr'>fecit,</span> <span class='ocrx_word' id='word_1_204' title='bbox 345 2014 394 2052; x_wconf 88' lang='lat' dir='ltr'>dein</span> <span class='ocrx_word' id='word_1_205' title='bbox 408 2013 470 2052; x_wconf 87' lang='lat' dir='ltr'>ducto</span> <span class='ocrx_word' id='word_1_206' title='bbox 483 2014 510 2053; x_wconf 83' lang='lat' dir='ltr'>ad</span> <span class='ocrx_word' id='word_1_207' title='bbox 523 2013 631 2053; x_wconf 86' lang='lat' dir='ltr'>Orientem</span> <span class='ocrx_word' id='word_1_208' title='bbox 645 2014 739 2052; x_wconf 88' lang='lat' dir='ltr'>exercitu</span> 
     </span>
     <span class='ocr_line' id='line_1_29' title="bbox 219 2075 739 2134; baseline -0.002 -13"><span class='ocrx_word' id='word_1_209' title='bbox 219 2096 305 2133; x_wconf 78' lang='lat' dir='ltr'>regnum</span> <span class='ocrx_word' id='word_1_210' title='bbox 313 2083 425 2122; x_wconf 87' lang='lat' dir='ltr'>Armeniae</span> <span class='ocrx_word' id='word_1_211' title='bbox 434 2075 521 2132; x_wconf 78' lang='lat' dir='ltr'>Tigrani</span> <span class='ocrx_word' id='word_1_212' title='bbox 528 2083 622 2122; x_wconf 85' lang='lat' dir='ltr'>restituit</span> <span class='ocrx_word' id='word_1_213' title='bbox 628 2096 652 2122; x_wconf 86' lang='lat' dir='ltr'>ao</span> <span class='ocrx_word' id='word_1_214' title='bbox 658 2095 696 2134; x_wconf 88' lang='lat' dir='ltr'>pro</span> <span class='ocrx_word' id='word_1_215' title='bbox 703 2082 739 2121; x_wconf 90' lang='lat' dir='ltr'>tri-</span> 
     </span>
     <span class='ocr_line' id='line_1_30' title="bbox 219 2152 738 2203; baseline 0.002 -13"><span class='ocrx_word' id='word_1_216' title='bbox 219 2152 292 2191; x_wconf 87' lang='lat' dir='ltr'>bunali</span> <span class='ocrx_word' id='word_1_217' title='bbox 302 2152 399 2191; x_wconf 88' lang='lat' dir='ltr'>diadema</span> <span class='ocrx_word' id='word_1_218' title='bbox 408 2152 514 2203; x_wconf 87' lang='lat' dir='ltr'>imposuit.</span> <span class='ocrx_word' id='word_1_219' title='bbox 543 2152 632 2203; x_wconf 79' lang='lat' dir='ltr'>Recepit</span> <span class='ocrx_word' id='word_1_220' title='bbox 641 2156 662 2191; x_wconf 87' lang='lat' dir='ltr'>et</span> <span class='ocrx_word' id='word_1_221' title='bbox 673 2152 738 2202; x_wconf 82' lang='lat' dir='ltr'>signa,</span> 
     </span>
     <span class='ocr_line' id='line_1_31' title="bbox 39 2222 739 2273; baseline -0.001 -12"><span class='ocrx_word' id='word_1_222' title='bbox 39 2232 59 2261; x_wconf 81' lang='lat'>30</span> <span class='ocrx_word' id='word_1_223' title='bbox 70 2235 123 2273; x_wconf 89' lang='lat' dir='ltr'>quae</span> <span class='ocrx_word' id='word_1_224' title='bbox 136 2223 165 2261; x_wconf 81' lang='lat' dir='ltr'>M.</span> <span class='ocrx_word' id='word_1_225' title='bbox 177 2222 251 2262; x_wconf 76' lang='lat' dir='ltr'>Crasso</span> <span class='ocrx_word' id='word_1_226' title='bbox 265 2222 386 2261; x_wconf 87' lang='lat' dir='ltr'>ademerant</span> <span class='ocrx_word' id='word_1_227' title='bbox 399 2222 480 2261; x_wconf 85' lang='lat' dir='ltr'>Parthi.</span> <span class='ocrx_word' id='word_1_228' title='bbox 509 2222 561 2262; x_wconf 87' lang='lat' dir='ltr'>Post</span> <span class='ocrx_word' id='word_1_229' title='bbox 576 2222 616 2261; x_wconf 88' lang='lat' dir='ltr'>hoc</span> <span class='ocrx_word' id='word_1_230' title='bbox 631 2222 739 2262; x_wconf 82' lang='lat' dir='ltr'>Comatam</span> 
     </span>
     <span class='ocr_line' id='line_1_32' title="bbox 70 2277 740 2340; baseline -0.003 -8"><span class='ocrx_word' id='word_1_231' title='bbox 70 2293 161 2332; x_wconf 81' lang='lat' dir='ltr'>Galliam</span> <span class='ocrx_word' id='word_1_232' title='bbox 174 2277 228 2331; x_wconf 81' lang='lat' dir='ltr'>anno</span> <span class='ocrx_word' id='word_1_233' title='bbox 241 2292 285 2330; x_wconf 75' lang='lat' dir='ltr'>tere</span> <span class='ocrx_word' id='word_1_234' title='bbox 298 2292 391 2340; x_wconf 72' lang='lat' dir='ltr'>renitet</span> <span class='ocrx_word' id='word_1_235' title='bbox 403 2292 537 2331; x_wconf 85' lang='lat' dir='ltr'>barbarorum</span> <span class='ocrx_word' id='word_1_236' title='bbox 552 2292 707 2331; x_wconf 84' lang='lat' dir='ltr'>incursionibus</span> <span class='ocrx_word' id='word_1_237' title='bbox 718 2295 740 2331; x_wconf 88' lang='lat' dir='ltr'>et</span> 
     </span>
     <span class='ocr_line' id='line_1_33' title="bbox 70 2360 748 2413; baseline -0.001 -12"><span class='ocrx_word' id='word_1_238' title='bbox 70 2362 189 2413; x_wconf 85' lang='lat' dir='ltr'>principum</span> <span class='ocrx_word' id='word_1_239' title='bbox 199 2361 303 2401; x_wconf 87' lang='lat' dir='ltr'>discordia</span> <span class='ocrx_word' id='word_1_240' title='bbox 312 2360 434 2412; x_wconf 87' lang='lat' dir='ltr'>inquietam.</span> <span class='ocrx_word' id='word_1_241' title='bbox 462 2361 519 2400; x_wconf 82' lang='lat' dir='ltr'>Exin</span> <span class='ocrx_word' id='word_1_242' title='bbox 528 2361 637 2401; x_wconf 83' lang='lat' dir='ltr'>Raeticum</span> <span class='ocrx_word' id='word_1_243' title='bbox 646 2361 748 2402; x_wconf 66' lang='lat' dir='ltr'>vindat</span> 
     </span>
    </p>
   </div>
   <div class='ocr_carea' id='block_1_3' title="bbox 69 2068 203 2156">
    <p class='ocr_par' dir='ltr' id='par_1_3' title="bbox 69 2068 203 2156">
     <span class='ocr_line' id='line_1_34' title="bbox 69 2068 203 2107; baseline 0 -9"><span class='ocrx_word' id='word_1_244' title='bbox 69 2068 147 2107; x_wconf 82' lang='lat' dir='ltr'>Military</span> <span class='ocrx_word' id='word_1_245' title='bbox 159 2076 203 2099; x_wconf 81' lang='lat' dir='ltr'>eam·</span> 
     </span>
     <span class='ocr_line' id='line_1_35' title="bbox 69 2118 130 2156; baseline 0 0"><span class='ocrx_word' id='word_1_246' title='bbox 69 2118 130 2156; x_wconf 54' lang='lat' dir='ltr'>rasus</span> 
     </span>
    </p>
   </div>
   <div class='ocr_carea' id='block_1_4' title="bbox 0 0 764 2600">
    <p class='ocr_par' dir='ltr' id='par_1_4' title="bbox 0 0 764 2600">
     <span class='ocr_line' id='line_1_36' title="bbox 0 0 764 2600; baseline 0 0"><span class='ocrx_word' id='word_1_247' title='bbox 0 0 764 2600; x_wconf 95' lang='lat' dir='ltr'> </span> 
     </span>
    </p>
   </div>
  </div>
 </body>
</html>
