1520 2600
237 107 312 140 11111111
328 107 361 140 nr.
398 108 518 141 rmnnrus.
688 101 716 143 13
743 110 746 112 ·

22 270 23 273 Ἴ
42 224 60 263 si
76 222 128 274 quid
143 221 208 261 s‘uhiti
221 222 315 262 muneris
327 222 481 273 iniungendum
495 226 556 272 esset,
569 235 606 274 per
622 222 714 276 libellos)

42 294 112 342 daret3
128 292 201 335 addita
211 292 326 331 monitione
338 296 368 342 ut,
379 293 404 331 de
418 306 459 343 quo
469 294 558 344 quisque
571 293 683 342 dubitaret,
694 306 716 332 se

42 375 79 402 nec
94 362 135 401 alio
150 363 264 413 interprete
277 375 407 413 quacumque
421 362 456 401 rel
470 363 538 402 noctis
551 363 602 402 hora
614 366 714 402 uteretur.

8 445 31 476 19
42 433 182 484 Disciplinam
196 434 296 472 acerrime
312 434 388 488 exegit,
403 434 608 473 animadversionum
622 437 644 473 et
659 432 731 484 igno'

43 504 153 543 mimarum
164 503 274 552 generibus
286 516 311 542 ex
323 504 450 554 antiquitate
463 503 565 555 repetitis,
576 507 638 554 atque
651 503 714 542 etiam
726 513 736 543 5

41 576 109 624 legato
120 573 215 623 legionis,
225 573 281 623 quod
290 586 367 623 paucos
377 573 456 612 milites
467 586 513 612 cum
523 574 599 612 liberto
609 586 647 612 suo
656 578 715 612 trans

41 645 108 694 ripam
115 646 215 681 venatum
221 642 320 691 misisset,
328 642 526 692 ignominianotato.
548 643 638 692 Proelia,
645 655 716 693 quam-

41 714 73 752 ris
87 713 198 751 minimum
211 712 308 750 fortunae
320 712 444 762 casibusque
457 712 594 763 permitteret,
607 712 714 763 aliquanto

41 772 172 822 constantius
183 782 251 820 inibat
261 781 358 831 quotiens
371 782 494 821 lucubrante
504 795 532 830 se,
543 766 612 820 subito
623 794 646 820 ae
656 782 715 820 nullo

40 852 175 903 propellente,
189 851 295 890 decideret
309 852 381 889 lumen
392 856 414 890 et
425 851 589 901 extingueretur,
602 851 714 900 confidens,
726 859 745 889 10

40 926 63 960 ut
78 921 153 969 aiebat,
169 924 251 959 ostento
265 920 306 959 sibi
320 933 333 959 a
346 920 460 959 maioribus
474 920 518 977 suis
531 920 554 958 in
567 920 624 959 omni
637 921 714 959 ducatu
745 971 747 973 Ι

40 991 192 1042 expertissimo.
222 991 264 1029 Sed
278 1003 300 1029 re
312 1003 412 1041 prospere
425 995 489 1040 gesta,
502 1004 544 1029 non
557 990 648 1028 multum
660 991 715 1028 afuit

40 1061 91 1111 quin
103 1073 116 1098 a
129 1061 230 1098 Bructero
244 1060 332 1110 quodam
347 1060 482 1108 occideretur,
493 1059 527 1099 0111
538 1059 595 1097 inter
607 1060 714 1110 proximos

40 1130 132 1169 uersanti
148 1134 169 1168 et
184 1129 325 1180 trepidatione
337 1130 419 1168 detecto
433 1130 543 1169 tormentis
557 1141 655 1179 expressa
669 1142 715 1168 con-

6 1210 30 1243 20
40 1199 104 1238 fessio
115 1203 146 1238 est
156 1199 243 1248 cogitati
255 1199 361 1238 facinoris.
389 1199 410 1237 A
423 1199 537 1238 Germania
547 1199 570 1236 in
583 1199 656 1237 urbem
666 1202 714 1249 post
725 1208 744 1237 15

39 1269 147 1307 biennium
157 1281 264 1318 regressus
276 1268 414 1318 triumphum,
424 1282 486 1319 quem
499 1268 564 1307 distu-

39 1338 97 1387 lerat,
109 1339 157 1388 egit,
169 1338 345 1388 prosequentibus
355 1338 418 1376 etiarn
428 1338 509 1386 legatis,
521 1338 564 1388 qui·
580 1324 707 1411 Ξΐηωὼ

38 1408 77 1447 bus
86 1407 224 1458 triumphalia
238 1411 360 1445 ornamenta
374 1407 502 1457 impetrarat.
531 1409 563 1446 Ao

38 1477 175 1528 priusquam
195 1477 217 1514 in
235 1476 363 1527 Capitolium
379 1476 478 1525 flecteret,
496 1477 605 1516 deseendit
622 1490 633 1516 e
652 1491 713 1517 curru

40 1559 102 1597 seque
119 1546 248 1597 praesidenti
265 1545 322 1597 patri
337 1546 364 1585 ad
383 1559 450 1595 genua
469 1548 581 1586 summisit.
610 1548 713 1586 Batonem
723 1561 744 1590 20

38 1617 170 1655 Pannonium
181 1618 260 1664 ducem,
272 1616 392 1666 ingentibus
404 1617 503 1655 donatum
517 1618 622 1667 praemiis,
633 1618 714 1656 Rauen-

37 1699 86 1725 nam
100 1680 216 1734 transtulit,
228 1686 318 1737 gratiam
331 1686 430 1735 referens,
443 1686 498 1737 quod
512 1699 534 1726 se
547 1687 652 1738 quondam
665 1700 713 1726 eum

38 1756 132 1795 exercitu
146 1756 260 1806 iniquitate
274 1755 315 1795 loci
332 1756 493 1794 circumclusum
509 1769 584 1807 passus
599 1761 713 1796 65161611-

39 1825 91 1864 dere.
120 1825 236 1865 Prandium
252 1825 327 1864 debinc
342 1826 420 1876 populo
434 1825 492 1864 mille
507 1826 592 1875 mensis,
608 1830 629 1865 et
645 1827 714 1876 congi-

38 1894 105 1933 arium
123 1899 218 1934 trecenos
239 1908 335 1938 nummos
359 1895 439 1934 viritim
464 1896 527 1934 dedit.
556 1896 669 1934 Dedioauit
692 1900 743 1939 6115

38 1964 165 2003 Concordiae
179 1965 257 2013 aedem,
269 1965 320 2003 item
334 1964 427 2004 Pollucis
437 1968 459 2003 61
473 1965 565 2005 Castoris
581 1978 618 2004 suo
632 1965 713 2004 fratris-

4 2043 78 2084 21que
92 2035 182 2084 nomine,
194 2036 219 2074 de
234 2035 363 2090 manubiisjv
373 2035 405 2074 Ac
417 2048 460 2074 non
473 2036 539 2074 multo
552 2040 606 2087 post,
616 2036 662 2085 lege
675 2048 715 2086 per

38 2104 134 2143 eonsules
143 2105 187 2144 lata
199 2110 224 2144 ut
236 2106 355 2156 provincias
366 2118 413 2143 cum
424 2106 521 2156 Augusto
533 2106 670 2144 communiter
679 2106 713 2144 ad·

30 2173 167 2215 ‘ministraret
185 2176 289 2227 simulque
308 2188 392 2230 censum
410 2180 487 2225 ageret,
504 2176 588 2214 condito
607 2175 673 2215 lustro
689 2175 712 2213 111

37 2243 147 2296 illyricum
162 2246 269 2296 protectus
280 2249 317 2284 est,
346 2246 375 2283 Et
388 2248 460 2284 statim
473 2257 499 2283 ex
513 2245 589 2283 itinere
602 2248 712 2283 revocatus
723 2257 743 2286 30

37 2312 79 2352 iam
96 2315 179 2365 quidem
197 2315 308 2363 adfectum,
323 2314 359 2353 sed
373 2318 444 2353 tamen
459 2314 573 2365 spirantem
589 2314 657 2352 adhue
671 2313 713 2352 Au-

38 2387 123 2433 gustum
135 2384 229 2436 repperit
241 2383 325 2434 fuitque
338 2396 380 2423 una
393 2387 472 2423 secreto
484 2395 521 2434 per
534 2387 603 2422 10111111
615 2383 677 2422 diem.
