<?xml version="1.0" encoding="UTF-8"?>
<!DOCTYPE html PUBLIC "-//W3C//DTD XHTML 1.0 Transitional//EN"
    "http://www.w3.org/TR/xhtml1/DTD/xhtml1-transitional.dtd">
<html xmlns="http://www.w3.org/1999/xhtml" xml:lang="en" lang="en">
 <head>
  <title>
</title>
<meta http-equiv="Content-Type" content="text/html;charset=utf-8" />
  <meta name='ocr-system' content='tesseract 3.04.00' />
  <meta name='ocr-capabilities' content='ocr_page ocr_carea ocr_par ocr_line ocrx_word'/>
</head>
<body>
  <div class='ocr_page' id='page_1' title='image "MN40042ucmf_5_0047.png"; bbox 0 0 1520 2600; ppageno 0'>
   <div class='ocr_carea' id='block_1_1' title="bbox 255 120 730 162">
    <p class='ocr_par' dir='ltr' id='par_1_1' title="bbox 255 120 730 162">
     <span class='ocr_line' id='line_1_1' title="bbox 255 120 730 162; baseline 0.004 -2"><span class='ocrx_word' id='word_1_1' title='bbox 255 128 330 160; x_wconf 78' lang='lat' dir='ltr'>numa</span> <span class='ocrx_word' id='word_1_2' title='bbox 345 128 379 161; x_wconf 86' lang='lat'>111.</span> <span class='ocrx_word' id='word_1_3' title='bbox 414 127 533 160; x_wconf 81' lang='lat' dir='ltr'>rmumus.</span> <span class='ocrx_word' id='word_1_4' title='bbox 718 120 730 162; x_wconf 74' lang='lat' dir='ltr'>t</span> 
     </span>
    </p>
   </div>
   <div class='ocr_carea' id='block_1_2' title="bbox 29 241 760 2450">
    <p class='ocr_par' dir='ltr' id='par_1_2' title="bbox 55 241 754 780">
     <span class='ocr_line' id='line_1_2' title="bbox 61 241 731 293; baseline -0.001 -11"><span class='ocrx_word' id='word_1_5' title='bbox 61 254 149 293; x_wconf 87' lang='lat' dir='ltr'>cumque</span> <span class='ocrx_word' id='word_1_6' title='bbox 168 241 253 291; x_wconf 88' lang='lat' dir='ltr'>bellum,</span> <span class='ocrx_word' id='word_1_7' title='bbox 272 242 322 281; x_wconf 90' lang='lat' dir='ltr'>iude</span> <span class='ocrx_word' id='word_1_8' title='bbox 345 242 494 292; x_wconf 74' lang='lat' dir='ltr'>Pannonicum,</span> <span class='ocrx_word' id='word_1_9' title='bbox 514 241 563 280; x_wconf 90' lang='lat' dir='ltr'>inde</span> <span class='ocrx_word' id='word_1_10' title='bbox 583 241 731 281; x_wconf 83' lang='lat' dir='ltr'>Germanicum</span> 
     </span>
     <span class='ocr_line' id='line_1_3' title="bbox 62 310 732 363; baseline -0.001 -11"><span class='ocrx_word' id='word_1_11' title='bbox 62 312 132 363; x_wconf 86' lang='lat' dir='ltr'>gessit.</span> <span class='ocrx_word' id='word_1_12' title='bbox 169 311 256 350; x_wconf 78' lang='lat' dir='ltr'>Raetico</span> <span class='ocrx_word' id='word_1_13' title='bbox 275 315 339 362; x_wconf 84' lang='lat' dir='ltr'>atque</span> <span class='ocrx_word' id='word_1_14' title='bbox 354 311 465 351; x_wconf 75' lang='lat' dir='ltr'>Vindelico</span> <span class='ocrx_word' id='word_1_15' title='bbox 482 311 550 360; x_wconf 88' lang='lat' dir='ltr'>gentis</span> <span class='ocrx_word' id='word_1_16' title='bbox 565 310 662 362; x_wconf 84' lang='lat' dir='ltr'>Alpinas,</span> <span class='ocrx_word' id='word_1_17' title='bbox 678 312 732 351; x_wconf 88' lang='lat' dir='ltr'>Pan-</span> 
     </span>
     <span class='ocr_line' id='line_1_4' title="bbox 61 379 748 432; baseline 0 -11"><span class='ocrx_word' id='word_1_18' title='bbox 61 382 136 421; x_wconf 87' lang='lat' dir='ltr'>nonico</span> <span class='ocrx_word' id='word_1_19' title='bbox 150 381 241 420; x_wconf 80' lang='lat' dir='ltr'>Breucos</span> <span class='ocrx_word' id='word_1_20' title='bbox 254 379 275 420; x_wconf 86' lang='lat' dir='ltr'>et</span> <span class='ocrx_word' id='word_1_21' title='bbox 285 381 394 420; x_wconf 87' lang='lat' dir='ltr'>Dalmatas</span> <span class='ocrx_word' id='word_1_22' title='bbox 409 381 496 431; x_wconf 87' lang='lat' dir='ltr'>subegit,</span> <span class='ocrx_word' id='word_1_23' title='bbox 507 381 630 421; x_wconf 84' lang='lat' dir='ltr'>Germanico</span> <span class='ocrx_word' id='word_1_24' title='bbox 645 381 732 432; x_wconf 87' lang='lat' dir='ltr'>quadra·</span> <span class='ocrx_word' id='word_1_25' title='bbox 746 406 748 410; x_wconf 93' lang='lat'>·</span> 
     </span>
     <span class='ocr_line' id='line_1_5' title="bbox 62 450 731 503; baseline 0 -13"><span class='ocrx_word' id='word_1_26' title='bbox 62 453 121 503; x_wconf 84' lang='lat' dir='ltr'>ginta</span> <span class='ocrx_word' id='word_1_27' title='bbox 136 451 196 490; x_wconf 88' lang='lat' dir='ltr'>milia</span> <span class='ocrx_word' id='word_1_28' title='bbox 211 451 357 490; x_wconf 85' lang='lat' dir='ltr'>dediticiorum</span> <span class='ocrx_word' id='word_1_29' title='bbox 375 451 459 490; x_wconf 84' lang='lat' dir='ltr'>traiecit</span> <span class='ocrx_word' id='word_1_30' title='bbox 477 451 501 489; x_wconf 90' lang='lat' dir='ltr'>in</span> <span class='ocrx_word' id='word_1_31' title='bbox 520 450 612 490; x_wconf 77' lang='lat' dir='ltr'>Galliam</span> <span class='ocrx_word' id='word_1_32' title='bbox 631 451 731 502; x_wconf 81' lang='lat' dir='ltr'>iuxtaque</span> 
     </span>
     <span class='ocr_line' id='line_1_6' title="bbox 55 520 752 572; baseline 0 -12"><span class='ocrx_word' id='word_1_33' title='bbox 55 522 130 572; x_wconf 74' lang='lat' dir='ltr'>vripam</span> <span class='ocrx_word' id='word_1_34' title='bbox 139 520 210 560; x_wconf 78' lang='lat' dir='ltr'>Rheni</span> <span class='ocrx_word' id='word_1_35' title='bbox 221 521 305 560; x_wconf 85' lang='lat' dir='ltr'>sedibus</span> <span class='ocrx_word' id='word_1_36' title='bbox 315 520 428 571; x_wconf 84' lang='lat' dir='ltr'>assignatis</span> <span class='ocrx_word' id='word_1_37' title='bbox 438 521 554 560; x_wconf 75' lang='lat' dir='ltr'>collocarit.</span> <span class='ocrx_word' id='word_1_38' title='bbox 588 521 643 567; x_wconf 73' lang='lat' dir='ltr'>aurs</span> <span class='ocrx_word' id='word_1_39' title='bbox 658 522 685 560; x_wconf 89' lang='lat' dir='ltr'>ob</span> <span class='ocrx_word' id='word_1_40' title='bbox 697 534 730 561; x_wconf 88' lang='lat' dir='ltr'>res</span> <span class='ocrx_word' id='word_1_41' title='bbox 742 531 752 560; x_wconf 88' lang='lat'><strong>5</strong></span> 
     </span>
     <span class='ocr_line' id='line_1_7' title="bbox 63 587 754 642; baseline -0.001 -11"><span class='ocrx_word' id='word_1_42' title='bbox 63 596 83 631; x_wconf 91' lang='lat' dir='ltr'>et</span> <span class='ocrx_word' id='word_1_43' title='bbox 97 603 161 630; x_wconf 87' lang='lat' dir='ltr'>ovans</span> <span class='ocrx_word' id='word_1_44' title='bbox 173 594 194 629; x_wconf 91' lang='lat' dir='ltr'>et</span> <span class='ocrx_word' id='word_1_45' title='bbox 205 603 268 629; x_wconf 88' lang='lat' dir='ltr'>curru</span> <span class='ocrx_word' id='word_1_46' title='bbox 278 591 351 629; x_wconf 87' lang='lat' dir='ltr'>urbem</span> <span class='ocrx_word' id='word_1_47' title='bbox 363 590 469 641; x_wconf 84' lang='lat' dir='ltr'>ingressus</span> <span class='ocrx_word' id='word_1_48' title='bbox 484 594 522 639; x_wconf 89' lang='lat' dir='ltr'>est,</span> <span class='ocrx_word' id='word_1_49' title='bbox 532 590 597 642; x_wconf 82' lang='lat' dir='ltr'>prius,</span> <span class='ocrx_word' id='word_1_50' title='bbox 607 594 631 629; x_wconf 93' lang='lat' dir='ltr'>ut</span> <span class='ocrx_word' id='word_1_51' title='bbox 645 590 731 641; x_wconf 87' lang='lat' dir='ltr'>quidam</span> <span class='ocrx_word' id='word_1_52' title='bbox 751 587 754 594; x_wconf 85' lang='grc'><strong>’</strong></span> 
     </span>
     <span class='ocr_line' id='line_1_8' title="bbox 62 660 731 713; baseline -0.001 -13"><span class='ocrx_word' id='word_1_53' title='bbox 62 664 144 713; x_wconf 88' lang='lat' dir='ltr'>putant,</span> <span class='ocrx_word' id='word_1_54' title='bbox 157 660 322 711; x_wconf 88' lang='lat' dir='ltr'>triumphalibus</span> <span class='ocrx_word' id='word_1_55' title='bbox 341 661 469 699; x_wconf 71' lang='lat' dir='ltr'>ornamentis</span> <span class='ocrx_word' id='word_1_56' title='bbox 488 661 608 710; x_wconf 84' lang='lat' dir='ltr'>honoratus,</span> <span class='ocrx_word' id='word_1_57' title='bbox 623 673 677 699; x_wconf 85' lang='lat' dir='ltr'>novo</span> <span class='ocrx_word' id='word_1_58' title='bbox 693 673 731 699; x_wconf 88' lang='lat' dir='ltr'>nec</span> 
     </span>
     <span class='ocr_line' id='line_1_9' title="bbox 62 730 515 780; baseline -0.002 -11"><span class='ocrx_word' id='word_1_59' title='bbox 62 734 125 769; x_wconf 88' lang='lat' dir='ltr'>antea</span> <span class='ocrx_word' id='word_1_60' title='bbox 138 730 236 780; x_wconf 87' lang='lat' dir='ltr'>cuiquam</span> <span class='ocrx_word' id='word_1_61' title='bbox 250 730 331 769; x_wconf 87' lang='lat' dir='ltr'>tributo</span> <span class='ocrx_word' id='word_1_62' title='bbox 341 741 414 779; x_wconf 79' lang='lat' dir='ltr'>genere</span> <span class='ocrx_word' id='word_1_63' title='bbox 424 730 515 768; x_wconf 89' lang='lat' dir='ltr'>honoris.</span> 
     </span>
    </p>

    <p class='ocr_par' dir='ltr' id='par_1_3' title="bbox 62 790 732 1059">
     <span class='ocr_line' id='line_1_10' title="bbox 89 790 732 850; baseline 0 -12"><span class='ocrx_word' id='word_1_64' title='bbox 89 799 226 849; x_wconf 77' lang='lat' dir='ltr'>Magistratus</span> <span class='ocrx_word' id='word_1_65' title='bbox 237 803 258 838; x_wconf 88' lang='lat' dir='ltr'>et</span> <span class='ocrx_word' id='word_1_66' title='bbox 267 799 370 839; x_wconf 87' lang='lat' dir='ltr'>maturius</span> <span class='ocrx_word' id='word_1_67' title='bbox 376 799 484 838; x_wconf 88' lang='lat' dir='ltr'>incohavit</span> <span class='ocrx_word' id='word_1_68' title='bbox 490 803 512 838; x_wconf 87' lang='lat' dir='ltr'>et</span> <span class='ocrx_word' id='word_1_69' title='bbox 517 812 583 850; x_wconf 87' lang='lat' dir='ltr'>paene</span> <span class='ocrx_word' id='word_1_70' title='bbox 590 790 679 839; x_wconf 86' lang='lat' dir='ltr'>iunctim</span> <span class='ocrx_word' id='word_1_71' title='bbox 688 812 732 850; x_wconf 91' lang='lat' dir='ltr'>per-</span> 
     </span>
     <span class='ocr_line' id='line_1_11' title="bbox 62 860 637 919; baseline -0.005 -10"><span class='ocrx_word' id='word_1_72' title='bbox 62 869 580 919; x_wconf 79' lang='lat' dir='ltr'>cucurrit,quaesturam,praeturam,cousulatum3</span> <span class='ocrx_word' id='word_1_73' title='bbox 636 860 637 875; x_wconf 63' lang='lat'>³</span> 
     </span>
     <span class='ocr_line' id='line_1_12' title="bbox 62 923 702 1002; baseline -0.002 -25"><span class='ocrx_word' id='word_1_74' title='bbox 62 938 228 989; x_wconf 88' lang='lat' dir='ltr'>interpositoque</span> <span class='ocrx_word' id='word_1_75' title='bbox 237 941 331 989; x_wconf 90' lang='lat' dir='ltr'>tempore</span> <span class='ocrx_word' id='word_1_76' title='bbox 345 937 418 977; x_wconf 89' lang='lat' dir='ltr'>consul</span> <span class='ocrx_word' id='word_1_77' title='bbox 431 938 508 977; x_wconf 89' lang='lat' dir='ltr'>iterum</span> <span class='ocrx_word' id='word_1_78' title='bbox 517 938 581 977; x_wconf 88' lang='lat' dir='ltr'>etiam</span> <span class='ocrx_word' id='word_1_79' title='bbox 605 923 673 1002; x_wconf 44' lang='lat' dir='ltr'>{ff}</span> <span class='ocrx_word' id='word_1_80' title='bbox 684 924 702 953; x_wconf 63' lang='lat' dir='ltr'>t⁰</span> 
     </span>
     <span class='ocr_line' id='line_1_13' title="bbox 62 1007 582 1059; baseline -0.002 -12"><span class='ocrx_word' id='word_1_81' title='bbox 62 1007 197 1047; x_wconf 80' lang='lat' dir='ltr'>tribuniciam</span> <span class='ocrx_word' id='word_1_82' title='bbox 204 1010 331 1058; x_wconf 88' lang='lat' dir='ltr'>potestatem</span> <span class='ocrx_word' id='word_1_83' title='bbox 341 1008 363 1046; x_wconf 91' lang='lat' dir='ltr'>in</span> <span class='ocrx_word' id='word_1_84' title='bbox 373 1007 541 1059; x_wconf 84' lang='lat' dir='ltr'>quinquennium</span> <span class='ocrx_word' id='word_1_85' title='bbox 551 1020 582 1046; x_wconf 89' lang='lat' dir='ltr'>ac-</span> 
     </span>
    </p>

    <p class='ocr_par' dir='ltr' id='par_1_4' title="bbox 29 1076 760 2384">
     <span class='ocr_line' id='line_1_14' title="bbox 29 1076 732 1129; baseline 0 -14"><span class='ocrx_word' id='word_1_86' title='bbox 29 1083 53 1115; x_wconf 87' lang='grc'>10</span> <span class='ocrx_word' id='word_1_87' title='bbox 63 1077 124 1128; x_wconf 91' lang='lat' dir='ltr'>cepit.</span> <span class='ocrx_word' id='word_1_88' title='bbox 153 1078 193 1129; x_wconf 78' lang='lat' dir='ltr'>Tot</span> <span class='ocrx_word' id='word_1_89' title='bbox 202 1076 307 1127; x_wconf 83' lang='lat' dir='ltr'>prosperis</span> <span class='ocrx_word' id='word_1_90' title='bbox 316 1076 475 1125; x_wconf 86' lang='lat' dir='ltr'>confluentibus,</span> <span class='ocrx_word' id='word_1_91' title='bbox 483 1077 566 1126; x_wconf 85' lang='lat' dir='ltr'>integra</span> <span class='ocrx_word' id='word_1_92' title='bbox 571 1080 640 1116; x_wconf 86' lang='lat' dir='ltr'>aetate</span> <span class='ocrx_word' id='word_1_93' title='bbox 647 1089 671 1115; x_wconf 88' lang='lat' dir='ltr'>ac</span> <span class='ocrx_word' id='word_1_94' title='bbox 678 1076 732 1115; x_wconf 86' lang='lat' dir='ltr'>vale-</span> 
     </span>
     <span class='ocr_line' id='line_1_15' title="bbox 62 1134 732 1198; baseline -0.001 -13"><span class='ocrx_word' id='word_1_95' title='bbox 62 1147 136 1185; x_wconf 88' lang='lat' dir='ltr'>tudine</span> <span class='ocrx_word' id='word_1_96' title='bbox 146 1146 221 1186; x_wconf 86' lang='lat' dir='ltr'>statuit</span> <span class='ocrx_word' id='word_1_97' title='bbox 233 1150 319 1198; x_wconf 89' lang='lat' dir='ltr'>repente</span> <span class='ocrx_word' id='word_1_98' title='bbox 331 1147 426 1186; x_wconf 88' lang='lat' dir='ltr'>secedere</span> <span class='ocrx_word' id='word_1_99' title='bbox 438 1158 502 1197; x_wconf 89' lang='lat' dir='ltr'>seque</span> <span class='ocrx_word' id='word_1_100' title='bbox 514 1159 525 1185; x_wconf 93' lang='lat' dir='ltr'>e</span> <span class='ocrx_word' id='word_1_101' title='bbox 538 1146 606 1185; x_wconf 90' lang='lat' dir='ltr'>medio</span> <span class='ocrx_word' id='word_1_102' title='bbox 616 1158 680 1196; x_wconf 88' lang='lat' dir='ltr'>quam</span> <span class='ocrx_word' id='word_1_103' title='bbox 689 1134 732 1184; x_wconf 86' lang='lat' dir='ltr'>lon-</span> 
     </span>
     <span class='ocr_line' id='line_1_16' title="bbox 63 1216 760 1272; baseline 0.003 -17"><span class='ocrx_word' id='word_1_104' title='bbox 63 1217 148 1266; x_wconf 88' lang='lat' dir='ltr'>gissime</span> <span class='ocrx_word' id='word_1_105' title='bbox 162 1229 269 1255; x_wconf 88' lang='lat' dir='ltr'>amovere:</span> <span class='ocrx_word' id='word_1_106' title='bbox 285 1216 379 1265; x_wconf 86' lang='lat' dir='ltr'>dubium,</span> <span class='ocrx_word' id='word_1_107' title='bbox 389 1216 488 1255; x_wconf 79' lang='lat' dir='ltr'>uxorisne</span> <span class='ocrx_word' id='word_1_108' title='bbox 501 1216 577 1266; x_wconf 88' lang='lat' dir='ltr'>taedio,</span> <span class='ocrx_word' id='word_1_109' title='bbox 588 1228 650 1272; x_wconf 84' lang='lat' dir='ltr'>quam</span> <span class='ocrx_word' id='word_1_110' title='bbox 664 1226 731 1266; x_wconf 86' lang='lat' dir='ltr'>neque</span> <span class='ocrx_word' id='word_1_111' title='bbox 743 1229 760 1257; x_wconf 84' lang='lat'>1·</span> 
     </span>
     <span class='ocr_line' id='line_1_17' title="bbox 63 1285 732 1336; baseline 0 -13"><span class='ocrx_word' id='word_1_112' title='bbox 63 1285 170 1324; x_wconf 84' lang='lat' dir='ltr'>criminari</span> <span class='ocrx_word' id='word_1_113' title='bbox 179 1289 216 1324; x_wconf 89' lang='lat' dir='ltr'>aut</span> <span class='ocrx_word' id='word_1_114' title='bbox 229 1285 336 1324; x_wconf 84' lang='lat' dir='ltr'>dimittere</span> <span class='ocrx_word' id='word_1_115' title='bbox 346 1286 432 1324; x_wconf 80' lang='lat' dir='ltr'>auderet</span> <span class='ocrx_word' id='word_1_116' title='bbox 441 1298 508 1336; x_wconf 89' lang='lat' dir='ltr'>neque</span> <span class='ocrx_word' id='word_1_117' title='bbox 518 1285 575 1324; x_wconf 89' lang='lat' dir='ltr'>ultra</span> <span class='ocrx_word' id='word_1_118' title='bbox 584 1285 677 1336; x_wconf 81' lang='lat' dir='ltr'>perferre</span> <span class='ocrx_word' id='word_1_119' title='bbox 687 1297 732 1335; x_wconf 87' lang='lat' dir='ltr'>pos-</span> 
     </span>
     <span class='ocr_line' id='line_1_18' title="bbox 63 1354 732 1404; baseline 0 -11"><span class='ocrx_word' id='word_1_120' title='bbox 63 1358 100 1404; x_wconf 86' lang='lat' dir='ltr'>set,</span> <span class='ocrx_word' id='word_1_121' title='bbox 111 1367 137 1393; x_wconf 91' lang='lat' dir='ltr'>an</span> <span class='ocrx_word' id='word_1_122' title='bbox 144 1358 168 1393; x_wconf 90' lang='lat' dir='ltr'>ut</span> <span class='ocrx_word' id='word_1_123' title='bbox 175 1355 243 1393; x_wconf 82' lang='lat' dir='ltr'>vitato</span> <span class='ocrx_word' id='word_1_124' title='bbox 250 1354 381 1394; x_wconf 83' lang='lat' dir='ltr'>assiduitatis</span> <span class='ocrx_word' id='word_1_125' title='bbox 389 1355 477 1394; x_wconf 75' lang='lat' dir='ltr'>fastidio</span> <span class='ocrx_word' id='word_1_126' title='bbox 484 1354 630 1394; x_wconf 88' lang='lat' dir='ltr'>auctoritatem</span> <span class='ocrx_word' id='word_1_127' title='bbox 638 1354 732 1393; x_wconf 90' lang='lat' dir='ltr'>absentia</span> 
     </span>
     <span class='ocr_line' id='line_1_19' title="bbox 62 1424 731 1475; baseline 0 -13"><span class='ocrx_word' id='word_1_128' title='bbox 62 1428 156 1475; x_wconf 85' lang='lat' dir='ltr'>tueretur</span> <span class='ocrx_word' id='word_1_129' title='bbox 163 1428 226 1474; x_wconf 87' lang='lat' dir='ltr'>atque</span> <span class='ocrx_word' id='word_1_130' title='bbox 237 1424 299 1463; x_wconf 89' lang='lat' dir='ltr'>etiam</span> <span class='ocrx_word' id='word_1_131' title='bbox 308 1428 399 1474; x_wconf 82' lang='lat' dir='ltr'>augeret,</span> <span class='ocrx_word' id='word_1_132' title='bbox 407 1424 426 1464; x_wconf 91' lang='lat' dir='ltr'>si</span> <span class='ocrx_word' id='word_1_133' title='bbox 433 1425 517 1475; x_wconf 87' lang='lat' dir='ltr'>quando</span> <span class='ocrx_word' id='word_1_134' title='bbox 524 1425 650 1474; x_wconf 84' lang='lat' dir='ltr'>indiguisset</span> <span class='ocrx_word' id='word_1_135' title='bbox 658 1424 691 1464; x_wconf 91' lang='lat' dir='ltr'>sui</span> <span class='ocrx_word' id='word_1_136' title='bbox 698 1436 731 1463; x_wconf 90' lang='lat' dir='ltr'>res</span> 
     </span>
     <span class='ocr_line' id='line_1_20' title="bbox 63 1493 739 1544; baseline 0.001 -13"><span class='ocrx_word' id='word_1_137' title='bbox 63 1494 151 1544; x_wconf 86' lang='lat' dir='ltr'>publica.</span> <span class='ocrx_word' id='word_1_138' title='bbox 172 1494 262 1540; x_wconf 72' lang='lat' dir='ltr'>quirun</span> <span class='ocrx_word' id='word_1_139' title='bbox 271 1493 400 1543; x_wconf 79' lang='lat' dir='ltr'>existimant,</span> <span class='ocrx_word' id='word_1_140' title='bbox 411 1494 542 1533; x_wconf 74' lang='lat' dir='ltr'>adultis&#39;iam</span> <span class='ocrx_word' id='word_1_141' title='bbox 551 1494 643 1543; x_wconf 87' lang='lat' dir='ltr'>Augusti</span> <span class='ocrx_word' id='word_1_142' title='bbox 653 1494 730 1543; x_wconf 90' lang='lat' dir='ltr'>liberis,</span> <span class='ocrx_word' id='word_1_143' title='bbox 738 1529 739 1532; x_wconf 75' lang='grc'>,</span> 
     </span>
     <span class='ocr_line' id='line_1_21' title="bbox 63 1563 760 1615; baseline -0.001 -14"><span class='ocrx_word' id='word_1_144' title='bbox 63 1563 107 1601; x_wconf 89' lang='lat' dir='ltr'>loco</span> <span class='ocrx_word' id='word_1_145' title='bbox 117 1567 138 1602; x_wconf 93' lang='lat' dir='ltr'>et</span> <span class='ocrx_word' id='word_1_146' title='bbox 148 1563 209 1614; x_wconf 87' lang='lat' dir='ltr'>quasi</span> <span class='ocrx_word' id='word_1_147' title='bbox 218 1564 349 1614; x_wconf 82' lang='lat' dir='ltr'>possessione</span> <span class='ocrx_word' id='word_1_148' title='bbox 356 1564 452 1615; x_wconf 83' lang='lat' dir='ltr'>usurpati</span> <span class='ocrx_word' id='word_1_149' title='bbox 462 1577 475 1603; x_wconf 91' lang='lat' dir='ltr'>a</span> <span class='ocrx_word' id='word_1_150' title='bbox 484 1576 506 1602; x_wconf 88' lang='lat' dir='ltr'>se</span> <span class='ocrx_word' id='word_1_151' title='bbox 515 1564 552 1603; x_wconf 77' lang='lat' dir='ltr'>(liu</span> <span class='ocrx_word' id='word_1_152' title='bbox 560 1564 646 1603; x_wconf 90' lang='lat' dir='ltr'>secundi</span> <span class='ocrx_word' id='word_1_153' title='bbox 656 1564 732 1613; x_wconf 82' lang='lat' dir='ltr'>gradus</span> <span class='ocrx_word' id='word_1_154' title='bbox 743 1574 760 1603; x_wconf 67' lang='lat'>2»</span> 
     </span>
     <span class='ocr_line' id='line_1_22' title="bbox 63 1633 733 1685; baseline 0.001 -13"><span class='ocrx_word' id='word_1_155' title='bbox 63 1637 137 1683; x_wconf 87' lang='lat' dir='ltr'>sponte</span> <span class='ocrx_word' id='word_1_156' title='bbox 147 1634 239 1681; x_wconf 80' lang='lat' dir='ltr'>cessisse,</span> <span class='ocrx_word' id='word_1_157' title='bbox 248 1633 343 1684; x_wconf 79' lang='lat' dir='ltr'>exemplo</span> <span class='ocrx_word' id='word_1_158' title='bbox 353 1634 382 1672; x_wconf 84' lang='lat' dir='ltr'>M.</span> <span class='ocrx_word' id='word_1_159' title='bbox 391 1633 498 1685; x_wconf 86' lang='lat' dir='ltr'>Agrippae</span> <span class='ocrx_word' id='word_1_160' title='bbox 509 1634 550 1684; x_wconf 88' lang='lat' dir='ltr'>qui,</span> <span class='ocrx_word' id='word_1_161' title='bbox 559 1634 588 1672; x_wconf 81' lang='lat' dir='ltr'>M.</span> <span class='ocrx_word' id='word_1_162' title='bbox 596 1633 698 1673; x_wconf 84' lang='lat' dir='ltr'>Marcello</span> <span class='ocrx_word' id='word_1_163' title='bbox 705 1634 733 1673; x_wconf 83' lang='lat' dir='ltr'>ad</span> 
     </span>
     <span class='ocr_line' id='line_1_23' title="bbox 63 1694 733 1754; baseline 0.003 -14"><span class='ocrx_word' id='word_1_164' title='bbox 63 1715 149 1742; x_wconf 83' lang='lat' dir='ltr'>munera</span> <span class='ocrx_word' id='word_1_165' title='bbox 165 1702 250 1753; x_wconf 83' lang='lat' dir='ltr'>publica</span> <span class='ocrx_word' id='word_1_166' title='bbox 267 1704 357 1751; x_wconf 84' lang='lat' dir='ltr'>admoto,</span> <span class='ocrx_word' id='word_1_167' title='bbox 374 1694 489 1754; x_wconf 72' lang='lat' dir='ltr'>Mytilenas</span> <span class='ocrx_word' id='word_1_168' title='bbox 507 1704 588 1752; x_wconf 88' lang='lat' dir='ltr'>abierit,</span> <span class='ocrx_word' id='word_1_169' title='bbox 604 1716 630 1741; x_wconf 85' lang='lat' dir='ltr'>ne</span> <span class='ocrx_word' id='word_1_170' title='bbox 647 1707 684 1742; x_wconf 87' lang='lat' dir='ltr'>aut</span> <span class='ocrx_word' id='word_1_171' title='bbox 700 1704 733 1742; x_wconf 87' lang='lat' dir='ltr'>ob</span> 
     </span>
     <span class='ocr_line' id='line_1_24' title="bbox 63 1772 732 1824; baseline 0.003 -14"><span class='ocrx_word' id='word_1_172' title='bbox 63 1776 118 1811; x_wconf 88' lang='lat' dir='ltr'>stare</span> <span class='ocrx_word' id='word_1_173' title='bbox 132 1775 169 1811; x_wconf 88' lang='lat' dir='ltr'>aut</span> <span class='ocrx_word' id='word_1_174' title='bbox 183 1773 299 1811; x_wconf 83' lang='lat' dir='ltr'>obtrectare</span> <span class='ocrx_word' id='word_1_175' title='bbox 313 1785 411 1824; x_wconf 88' lang='lat' dir='ltr'>praeseus</span> <span class='ocrx_word' id='word_1_176' title='bbox 427 1772 548 1821; x_wconf 51' lang='lat' dir='ltr'>videretur,</span> <span class='ocrx_word' id='word_1_177' title='bbox 567 1772 732 1819; x_wconf 72' lang='lat' dir='ltr'>Quamcausanr</span> 
     </span>
     <span class='ocr_line' id='line_1_25' title="bbox 63 1842 732 1893; baseline 0.001 -13"><span class='ocrx_word' id='word_1_178' title='bbox 63 1845 84 1880; x_wconf 89' lang='lat' dir='ltr'>et</span> <span class='ocrx_word' id='word_1_179' title='bbox 102 1842 153 1893; x_wconf 87' lang='lat' dir='ltr'>ipse,</span> <span class='ocrx_word' id='word_1_180' title='bbox 174 1842 211 1882; x_wconf 90' lang='lat' dir='ltr'>sed</span> <span class='ocrx_word' id='word_1_181' title='bbox 229 1846 309 1893; x_wconf 84' lang='lat' dir='ltr'>postea,</span> <span class='ocrx_word' id='word_1_182' title='bbox 328 1843 427 1882; x_wconf 87' lang='lat' dir='ltr'>reddidit.</span> <span class='ocrx_word' id='word_1_183' title='bbox 463 1844 522 1882; x_wconf 76' lang='lat' dir='ltr'>Tunc</span> <span class='ocrx_word' id='word_1_184' title='bbox 541 1847 612 1883; x_wconf 86' lang='lat' dir='ltr'>autem</span> <span class='ocrx_word' id='word_1_185' title='bbox 630 1842 732 1881; x_wconf 89' lang='lat' dir='ltr'>bonorum</span> 
     </span>
     <span class='ocr_line' id='line_1_26' title="bbox 63 1912 752 1963; baseline 0.001 -14"><span class='ocrx_word' id='word_1_186' title='bbox 63 1912 181 1950; x_wconf 87' lang='lat' dir='ltr'>satietatem</span> <span class='ocrx_word' id='word_1_187' title='bbox 195 1924 219 1951; x_wconf 88' lang='lat' dir='ltr'>ac</span> <span class='ocrx_word' id='word_1_188' title='bbox 231 1912 325 1962; x_wconf 82' lang='lat' dir='ltr'>requiem</span> <span class='ocrx_word' id='word_1_189' title='bbox 334 1912 429 1951; x_wconf 87' lang='lat' dir='ltr'>laborum</span> <span class='ocrx_word' id='word_1_190' title='bbox 438 1913 583 1963; x_wconf 83' lang='lat' dir='ltr'>praetendens,</span> <span class='ocrx_word' id='word_1_191' title='bbox 593 1916 732 1951; x_wconf 83' lang='lat' dir='ltr'>commeatum</span> <span class='ocrx_word' id='word_1_192' title='bbox 743 1923 752 1951; x_wconf 84' lang='lat'><strong>2</strong></span> 
     </span>
     <span class='ocr_line' id='line_1_27' title="bbox 62 1981 732 2033; baseline 0.001 -14"><span class='ocrx_word' id='word_1_193' title='bbox 62 1981 117 2030; x_wconf 86' lang='lat' dir='ltr'>petit</span> <span class='ocrx_word' id='word_1_194' title='bbox 122 1996 127 2030; x_wconf 80' lang='lat'><em>3</em></span> <span class='ocrx_word' id='word_1_195' title='bbox 142 1993 210 2032; x_wconf 85' lang='lat' dir='ltr'>neque</span> <span class='ocrx_word' id='word_1_196' title='bbox 225 1984 261 2020; x_wconf 89' lang='lat' dir='ltr'>aut</span> <span class='ocrx_word' id='word_1_197' title='bbox 275 1982 338 2020; x_wconf 90' lang='lat' dir='ltr'>matri</span> <span class='ocrx_word' id='word_1_198' title='bbox 353 1982 477 2033; x_wconf 81' lang='lat' dir='ltr'>suppliciter</span> <span class='ocrx_word' id='word_1_199' title='bbox 490 1982 591 2033; x_wconf 89' lang='lat' dir='ltr'>precanti,</span> <span class='ocrx_word' id='word_1_200' title='bbox 606 1985 643 2021; x_wconf 86' lang='lat' dir='ltr'>aut</span> <span class='ocrx_word' id='word_1_201' title='bbox 656 1982 732 2020; x_wconf 76' lang='lat' dir='ltr'>uitrico</span> 
     </span>
     <span class='ocr_line' id='line_1_28' title="bbox 63 2049 731 2102; baseline 0.003 -14"><span class='ocrx_word' id='word_1_202' title='bbox 63 2049 130 2089; x_wconf 88' lang='lat' dir='ltr'>deseri</span> <span class='ocrx_word' id='word_1_203' title='bbox 149 2063 171 2090; x_wconf 90' lang='lat' dir='ltr'>se</span> <span class='ocrx_word' id='word_1_204' title='bbox 190 2051 254 2090; x_wconf 90' lang='lat' dir='ltr'>etiam</span> <span class='ocrx_word' id='word_1_205' title='bbox 272 2051 295 2089; x_wconf 87' lang='lat' dir='ltr'>in</span> <span class='ocrx_word' id='word_1_206' title='bbox 315 2055 390 2091; x_wconf 86' lang='lat' dir='ltr'>senatu</span> <span class='ocrx_word' id='word_1_207' title='bbox 410 2053 545 2102; x_wconf 88' lang='lat' dir='ltr'>conquerenti</span> <span class='ocrx_word' id='word_1_208' title='bbox 564 2052 646 2091; x_wconf 84' lang='lat' dir='ltr'>veniam</span> <span class='ocrx_word' id='word_1_209' title='bbox 667 2051 731 2090; x_wconf 86' lang='lat' dir='ltr'>dedit.</span> 
     </span>
     <span class='ocr_line' id='line_1_29' title="bbox 63 2119 732 2173; baseline 0.003 -15"><span class='ocrx_word' id='word_1_210' title='bbox 63 2119 118 2164; x_wconf 77' lang='lat' dir='ltr'>Quin</span> <span class='ocrx_word' id='word_1_211' title='bbox 131 2123 152 2159; x_wconf 91' lang='lat' dir='ltr'>et</span> <span class='ocrx_word' id='word_1_212' title='bbox 169 2120 297 2172; x_wconf 86' lang='lat' dir='ltr'>pertinacius</span> <span class='ocrx_word' id='word_1_213' title='bbox 314 2121 460 2171; x_wconf 83' lang='lat' dir='ltr'>retinentibus,</span> <span class='ocrx_word' id='word_1_214' title='bbox 476 2123 521 2162; x_wconf 85' lang='lat' dir='ltr'>cibo</span> <span class='ocrx_word' id='word_1_215' title='bbox 538 2134 575 2173; x_wconf 87' lang='lat' dir='ltr'>per</span> <span class='ocrx_word' id='word_1_216' title='bbox 592 2122 732 2173; x_wconf 86' lang='lat' dir='ltr'>quadriduum</span> 
     </span>
     <span class='ocr_line' id='line_1_30' title="bbox 62 2189 732 2245; baseline 0.006 -18"><span class='ocrx_word' id='word_1_217' title='bbox 62 2189 170 2229; x_wconf 85' lang='lat' dir='ltr'>abstinuit.</span> <span class='ocrx_word' id='word_1_218' title='bbox 209 2191 274 2230; x_wconf 80' lang='lat' dir='ltr'>Facta</span> <span class='ocrx_word' id='word_1_219' title='bbox 296 2193 383 2231; x_wconf 87' lang='lat' dir='ltr'>tandem</span> <span class='ocrx_word' id='word_1_220' title='bbox 406 2194 495 2233; x_wconf 82' lang='lat' dir='ltr'>abeundi</span> <span class='ocrx_word' id='word_1_221' title='bbox 518 2196 628 2245; x_wconf 86' lang='lat' dir='ltr'>potestate,</span> <span class='ocrx_word' id='word_1_222' title='bbox 652 2192 732 2232; x_wconf 89' lang='lat' dir='ltr'>relictis</span> 
     </span>
     <span class='ocr_line' id='line_1_31' title="bbox 62 2258 760 2312; baseline 0.004 -15"><span class='ocrx_word' id='word_1_223' title='bbox 62 2258 142 2298; x_wconf 80' lang='lat' dir='ltr'>Romae</span> <span class='ocrx_word' id='word_1_224' title='bbox 162 2273 226 2300; x_wconf 83' lang='lat' dir='ltr'>uxore</span> <span class='ocrx_word' id='word_1_225' title='bbox 246 2264 267 2300; x_wconf 87' lang='lat' dir='ltr'>et</span> <span class='ocrx_word' id='word_1_226' title='bbox 283 2261 328 2301; x_wconf 88' lang='lat' dir='ltr'>filio</span> <span class='ocrx_word' id='word_1_227' title='bbox 344 2263 455 2302; x_wconf 82' lang='lat' dir='ltr'>confestim</span> <span class='ocrx_word' id='word_1_228' title='bbox 474 2263 554 2304; x_wconf 88' lang='lat' dir='ltr'>Ostiam</span> <span class='ocrx_word' id='word_1_229' title='bbox 574 2263 689 2312; x_wconf 84' lang='lat' dir='ltr'>descendit,</span> <span class='ocrx_word' id='word_1_230' title='bbox 706 2275 733 2301; x_wconf 89' lang='lat' dir='ltr'>ne</span> <span class='ocrx_word' id='word_1_231' title='bbox 755 2277 760 2300; x_wconf 76' lang='grc' dir='ltr'><strong>ο</strong></span> 
     </span>
     <span class='ocr_line' id='line_1_32' title="bbox 63 2330 733 2384; baseline 0.007 -17"><span class='ocrx_word' id='word_1_232' title='bbox 63 2330 130 2368; x_wconf 83' lang='lat' dir='ltr'>verbo·</span> <span class='ocrx_word' id='word_1_233' title='bbox 137 2331 221 2381; x_wconf 86' lang='lat' dir='ltr'>quidem</span> <span class='ocrx_word' id='word_1_234' title='bbox 231 2331 328 2382; x_wconf 87' lang='lat' dir='ltr'>cuiquam</span> <span class='ocrx_word' id='word_1_235' title='bbox 340 2333 512 2384; x_wconf 86' lang='lat' dir='ltr'>prosequentium</span> <span class='ocrx_word' id='word_1_236' title='bbox 521 2333 604 2372; x_wconf 81' lang='lat' dir='ltr'>redditb</span> <span class='ocrx_word' id='word_1_237' title='bbox 614 2344 733 2384; x_wconf 88' lang='lat' dir='ltr'>paucosque</span> 
     </span>
    </p>

    <p class='ocr_par' dir='ltr' id='par_1_5' title="bbox 29 2398 733 2450">
     <span class='ocr_line' id='line_1_33' title="bbox 29 2398 733 2450; baseline 0.011 -17"><span class='ocrx_word' id='word_1_238' title='bbox 29 2400 53 2434; x_wconf 83' lang='lat'>11</span> <span class='ocrx_word' id='word_1_239' title='bbox 64 2398 176 2438; x_wconf 87' lang='lat' dir='ltr'>admodum</span> <span class='ocrx_word' id='word_1_240' title='bbox 186 2400 208 2438; x_wconf 87' lang='lat' dir='ltr'>in</span> <span class='ocrx_word' id='word_1_241' title='bbox 219 2400 314 2450; x_wconf 84' lang='lat' dir='ltr'>digressu</span> <span class='ocrx_word' id='word_1_242' title='bbox 324 2403 463 2443; x_wconf 81' lang='lat' dir='ltr'>exosculatus.</span> <span class='ocrx_word' id='word_1_243' title='bbox 493 2403 527 2442; x_wconf 84' lang='lat' dir='ltr'>Ab</span> <span class='ocrx_word' id='word_1_244' title='bbox 537 2403 598 2444; x_wconf 87' lang='lat' dir='ltr'>Ostia</span> <span class='ocrx_word' id='word_1_245' title='bbox 608 2415 664 2442; x_wconf 86' lang='lat' dir='ltr'>oram</span> <span class='ocrx_word' id='word_1_246' title='bbox 675 2402 733 2442; x_wconf 79' lang='lat' dir='ltr'>Cam-</span> 
     </span>
    </p>
   </div>
   <div class='ocr_carea' id='block_1_3' title="bbox 0 0 764 2600">
    <p class='ocr_par' dir='ltr' id='par_1_6' title="bbox 0 0 764 2600">
     <span class='ocr_line' id='line_1_34' title="bbox 0 0 764 2600; baseline 0 0"><span class='ocrx_word' id='word_1_247' title='bbox 0 0 764 2600; x_wconf 95' lang='lat' dir='ltr'> </span> 
     </span>
    </p>
   </div>
  </div>
 </body>
</html>
