1520 2600
252 100 327 133 11111
342 99 375 132 vr.
411 99 482 133 unae.
662 86 704 129 125

34 215 129 254 omnibus
139 228 208 254 rerum
220 215 372 266 verborumque
382 213 514 254 contumeliis
525 216 630 253 mortuum
640 212 705 251 insec-

33 288 90 324 tatus
105 289 143 335 est,
157 286 218 324 modo
233 285 337 324 stultitiae
350 286 411 323 modo
424 285 524 323 saevitiae
539 295 628 333 arguens
635 298 641 331 3
653 295 703 321 nam

33 359 54 394 et
66 358 144 394 irrorari
156 368 201 394 eura
215 357 288 394 desisse
302 358 354 394 iuter
366 355 456 393 hausides
468 353 570 405 producta
582 353 651 404 prima
663 365 673 391 s
688 352 704 390 l-

33 425 83 464 laba
93 425 206 473 iocabatur,
221 425 329 475 multaque
344 425 427 463 decreta
444 428 465 463 et
482 423 602 471 constituta,
617 426 641 461 ut
655 422 719 475 insi-,u

32 495 109 546 pientis
124 499 186 546 atque
201 495 269 545 deliri,
282 507 320 546 pro
334 495 400 534 irritis
413 495 497 544 habuit,
513 494 603 544 denique
617 493 722 532 bustum5

32 566 76 604 eius
86 565 207 616 consaepiri,
219 566 259 604 nisi
269 565 345 603 humili
355 565 438 615 levique
448 564 544 613 maceria,
554 563 654 613 neglexit.

59 636 205 675 Britannicum
220 649 262 674 non
279 636 348 674 minus
365 634 504 674 aemulatione
520 635 584 683 vocis,
600 646 653 685 quae
669 633 702 672 illi

31 706 141 744 iucundior
155 707 285 757 suppetebat,
299 719 361 757 quam
375 709 433 744 metu
447 718 474 744 ne
488 717 551 756 quan-
567 748 676 779 Britannicus

32 776 99 826 doque
113 776 169 827 apud
182 776 290 814 homiuum
303 776 390 827 gratiam
409 779 496 827 paterna
509 770 553 832 me}

31 846 97 885 moria
103 845 239 897 praevaleret,
247 859 326 886 veneno
336 847 447 895 adgressus
457 849 494 885 est.
524 839 584 892 Quod
593 848 701 897 acceptum
713 853 731 882 10

31 929 43 955 a
61 916 150 967 quadam
169 917 266 966 Locusta,
288 929 415 956 venenorum
436 917 539 955 variorum
560 915 634 965 indice,
654 928 701 955 cum

30 986 128 1037 opinione
144 987 226 1026 tardius
240 987 328 1036 eederet,
342 991 415 1026 ventre
429 987 491 1025 modo
506 986 624 1026 Britannici
638 990 700 1036 moto,

31 1056 151 1095 accersitam
166 1057 275 1096 mulierem
292 1070 333 1104 sua
343 1046 407 1096 manu
421 1057 539 1096 verberarit
554 1069 648 1106 arguens,
663 1069 701 1107 pro

30 1139 110 1165 veneno
124 1127 237 1165 remedium
255 1127 338 1167 dedisse
345 1143 350 1177 3
372 1128 528 1177 excusantique,
543 1126 613 1166 miuus
627 1127 700 1166 datum

30 1197 57 1235 ad
73 1197 218 1236 occultandam
233 1197 334 1237 facinoris
350 1198 459 1246 iuvidiam,
477 1197 532 1236 Suae
551 1197 622 1248 inquit
640 1199 701 1247 lepciu
711 1207 731 1236 15

30 1268 187 1306 Iulicratiiaeol
202 1268 309 1318 coegitque
322 1281 344 1307 se
354 1280 422 1307 coram
436 1268 457 1306 11
471 1267 567 1306 cubiculo
580 1280 643 1318 quarn
655 1280 701 1318 pos-

30 1340 62 1375 set
76 1337 231 1376 uelocissimum
245 1350 268 1376 ac
285 1341 457 1388 praesentaneum
474 1350 572 1389 coquere,
588 1337 664 1376 deinde
678 1337 700 1376 11

29 1406 95 1446 haedo
114 1410 218 1458 expertus,
235 1411 347 1458 postquam
366 1408 384 1447 is
403 1409 495 1459 quinque
513 1407 574 1446 horas
590 1407 699 1458 protraxit,

29 1476 105 1515 iterum
117 1490 140 1516 ao
153 1477 236 1528 saepius
249 1481 354 1517 recoctum
367 1478 458 1528 porcello
472 1478 558 1527 obiecit,
574 1490 615 1528 quo
628 1478 699 1522 statim

29 1547 152 1596 exanimato,
166 1547 242 1586 inferri
258 1547 280 1587 in
294 1548 411 1587 triclinium
426 1548 513 1607 darique
530 1548 614 1587 cenanti
630 1560 700 1587 secum
711 1556 730 1585 20

28 1616 150 1656 Britannico
156 1617 273 1668 imperavit.
298 1619 380 1658 Etcum
388 1618 424 1657 ille
431 1619 457 1658 ad
465 1619 556 1670 primurn
563 1622 647 1667 gustum
654 1630 700 1657 cou-

28 1687 120 1736 cidisset,
128 1687 230 1726 comitiali
240 1688 311 1728 morbo
319 1701 345 1727 ex
355 1689 505 1728 consuetudine
516 1691 635 1739 correptum
644 1689 700 1739 apud

28 1751 126 1797 cdrrvivas
136 1758 255 1809 ementitus,
265 1763 350 1810 postero
359 1759 394 1798 die
402 1759 477 1810 raptim
486 1759 542 1797 inter
551 1758 653 1798 maximos
663 1759 700 1797 im-

27 1827 74 1867 bres
84 1828 189 1868 tralaticio
199 1830 275 1868 extulit
284 1830 364 1869 funere.
393 1831 496 1869 Locustae
505 1841 543 1880 pro
552 1832 629 1867 navata
637 1841 700 1879 opera
719 1843 721 1845 ·

27 1897 175 1949 impunitatem
188 1899 314 1952 praediaque
329 1901 405 1952 ampla,
420 1899 457 1939 sed
471 1903 492 1939 et
507 1898 622 1950 discipulos
633 1898 697 1938 dedit.
709 1909 728 1939 25

5 1976 17 2008 4
54 1969 150 2018 Matrem,
165 1969 222 2009 facta
238 1970 336 2023 dictaque
353 1984 391 2011 sua
407 1970 552 2022 exquirentem
568 1969 663 2008 acerbius
677 1972 699 2008 et

27 2039 170 2090 corrigentem,
180 2040 282 2081 hactenus
295 2042 363 2095 primo
377 2042 502 2092 grauabatur
513 2043 538 2078 ut
549 2039 631 2077 inuidia
642 2039 698 2078 iden-

26 2110 91 2149 tidem
104 2115 204 2162 oneraret,
215 2113 275 2164 quasi
287 2125 382 2152 cessurus
393 2112 481 2163 imperio
491 2111 546 2151 Rho

27 2181 118 2233 dumque
135 2182 235 2231 abiturus,
252 2196 301 2222 mox
320 2187 340 2222 et
357 2183 434 2222 honore
449 2184 505 2222 omni
525 2187 546 2222 et
563 2164 655 2245 parceret

27 2256 131 2303 potestate
149 2253 247 2303 privavit,
264 2253 394 2304 abductaque
413 2249 511 2292 militum¹
524 2258 546 2292 et
571 2224 656 2272 :nppma
709 2262 728 2292 30

28 2322 180 2361 Germanorum
198 2323 294 2372 statione,
314 2323 449 2362 coutubernio
469 2336 550 2374 quoque
572 2336 596 2363 ac
615 2322 698 2362 Palatio

28 2392 120 2443 expulit3
144 2405 211 2444 neque
230 2393 253 2431 11
270 2393 388 2432 diuexanda
405 2394 515 2444 quicquam
534 2393 595 2444 pensi
617 2393 697 2443 habuit,
