1520 2600
70 99 97 142 28
122 108 140 141 C.
159 109 263 142 SUETONI
278 109 430 150 TRANQUILLI
445 109 478 141 DE
492 109 552 141 VITA
568 108 703 142 CAESARUM

69 223 123 262 hanc
140 224 159 262 ei
175 224 209 262 vel
225 224 358 275 praecipuam
375 223 447 263 fuisse.
476 225 528 262 Toto
545 223 629 274 quidem
642 223 738 272 triennio,

69 306 110 344 quo
120 294 204 332 vivente
218 298 284 332 matre
296 293 356 342 aluit,
368 294 432 333 semel
445 293 529 332 omnino
543 306 587 332 eam
599 306 637 331 nec
649 292 738 343 amplius

69 376 132 413 quam
149 376 190 401 uno
207 364 241 401 die
258 364 389 414 paucissimis
406 363 462 402 vidit
478 363 547 413 horis,
567 375 591 401 ao
607 375 656 401 mox
671 375 739 413 neque

69 446 141 483 aegrae
150 434 223 472 adesse
232 433 315 471 curavit
324 433 486 484 defunctamque
496 437 522 482 et,
534 433 584 471 dum
593 433 696 472 adventus
706 432 739 471 sni

38 516 47 544 5
69 516 127 554 spem
137 503 195 552 facit,
206 503 344 553 complurium
358 503 438 542 dierum
451 516 509 541 mora
518 506 615 554 corrupto
625 503 708 541 demum
718 505 739 541 et

68 574 139 612 tabido
155 585 239 623 corpore
253 573 373 611 funeratam
387 573 496 623 prohibuit
510 573 631 621 consecrari,
646 572 706 622 qnasi
715 572 738 610 id

68 643 115 694 ipsa
131 643 257 681 mandasset.
290 643 447 681 Testamentum
465 654 547 692 quoque
563 642 607 681 eius
624 654 661 692 pro
678 641 738 680 irrito

63 712 148 762 liabuit,
159 712 268 762 omnisque
278 712 382 750 amicitias
390 715 411 749 et
418 711 579 760 familiaritates,
590 712 653 749 etiam
663 711 738 761 quibus

69 794 93 820 ea
105 781 186 820 funeris
201 782 233 819 sui
246 793 315 819 curam
329 781 419 819 moriens
433 781 599 829 demandaverat,
610 780 666 819 intra
676 781 738 819 breve

39 861 57 889 10
68 855 151 901 tempus
166 851 247 899 afflixit,
262 863 304 888 uno
318 863 344 889 ex
358 850 391 899 iis,
406 850 509 900 equestris
525 850 604 888 ordinis
618 850 670 899 viro,
680 854 702 888 et
716 849 738 888 11

69 921 155 959 antliam
167 921 309 958 condemnato.

95 990 197 1028 Filiorum
212 1002 278 1040 neque
294 989 410 1028 naturalem
426 990 519 1028 Drusum
533 1002 600 1039 neque
616 989 758 1039 adoptivum5

69 1059 216 1099 Germanicum
228 1059 298 1109 patria
310 1058 397 1097 caritate
411 1058 491 1107 dilexit,
504 1058 590 1097 alterius
600 1058 658 1097 vitiis
671 1058 738 1096 infen-

84 1173 87 1179 .
219 1140 259 1167 sus.
290 1128 346 1166 Nam
362 1129 444 1166 Drusus
461 1127 555 1166 fluxioris
572 1128 738 1177 remissiorisque

8 1207 10 1210 ·
38 1213 57 1241 15
68 1173 145 1202 Bissons
218 1197 274 1235 vitae
290 1201 339 1235 erat.
369 1197 444 1246 Itaque
459 1209 485 1235 ne
499 1200 580 1235 mortuo
594 1197 679 1246 quidem
694 1209 738 1247 per-

68 1268 117 1306 inde
134 1267 230 1305 adfectus
247 1270 285 1315 est,
302 1267 338 1305 sed
353 1270 436 1305 tantum
451 1279 494 1304 non
509 1266 581 1305 statim
596 1279 609 1304 a
622 1266 696 1304 funere
712 1267 738 1305 ad

67 1337 198 1386 negotiorum
219 1336 390 1375 consuetudinem
409 1336 478 1385 rediit,
497 1336 579 1374 iustitio
597 1335 690 1392 longiore
709 1336 738 1373 in-

67 1406 140 1445 hibito.
169 1405 223 1451 Quin
233 1409 255 1444 et
266 1405 376 1444 Iliensium
388 1405 463 1454 legatis
476 1405 539 1455 paulo
553 1405 618 1444 serius
633 1405 738 1463 consolan-

67 1476 130 1524 tibus,
146 1475 207 1525 quasi
221 1474 332 1513 obliterata
340 1475 386 1522 iam
402 1474 479 1513 doloris
494 1460 703 1523 memoriajirridens
718 1488 737 1513 se

37 1553 57 1582 20
67 1558 144 1594 quoquc
155 1544 263 1595 respondit
273 1546 335 1582 vicera
345 1557 413 1582 cortou
423 1546 494 1593 dolere,
505 1546 557 1593 quod
567 1546 666 1594 epi-eptam
676 1547 737 1583 cicera

67 1616 174 1654 Hectorem
184 1617 302 1652 crrrtsissent.
332 1614 457 1653 Germanico
466 1626 532 1663 usque
543 1614 593 1652 adeo
605 1614 736 1662 obtrectavit,

67 1688 92 1722 ut
108 1688 129 1722 et
145 1683 251 1734 praeclara
267 1683 325 1721 facta
341 1683 385 1722 eius
404 1696 441 1733 pro
461 1683 594 1733 supervacuis
614 1683 700 1721 eleuarit
716 1686 737 1721 et

67 1754 227 1804 gloriosissimas
238 1753 336 1791 victorias
347 1765 385 1791 ceu
398 1753 506 1792 damnosas
519 1753 550 1791 rei
563 1753 659 1804 publicae
673 1753 737 1792 iucre-

67 1828 131 1875 paret.
160 1823 219 1869 Quod
236 1835 285 1860 vero
303 1822 456 1860 Alexandream
475 1825 559 1872 propter
575 1822 699 1867 immensam
716 1826 737 1860 et

36 1906 55 1934 25
67 1893 198 1944 repentinam
213 1892 291 1930 famem
304 1891 422 1930 inconsulto
437 1904 458 1930 se
473 1892 557 1940 adisset,
568 1895 653 1942 questus
668 1892 737 1931 estin

67 1967 146 2002 senatu.
175 1962 246 2001 Etiam
255 1974 323 2008 >causa
337 1962 410 2000 mortis
424 1962 490 2000 fuisse
504 1962 523 2000 ei
538 1974 575 2012 per
588 1962 624 2001 Cn.
638 1962 736 2001 Pisonem

67 2033 157 2082 legatum
174 2032 247 2083 Syriae
260 2032 357 2081 creditur,
368 2046 429 2083 quom
441 2045 490 2071 mox
502 2033 564 2071 huius
576 2032 669 2071 criminis
679 2045 736 2071 reum
751 2085 754 2089 ,

66 2106 142 2153 putant
153 2102 238 2152 quidam
248 2102 347 2140 mandata
356 2102 492 2153 prolaturum,
500 2103 543 2141 nisi
550 2115 575 2140 ea
582 2106 661 2141 secreto
671 2106 737 2141 osten·

66 2176 113 2211 tant
128 2203 132 2210 .
148 2203 152 2209 .
168 2202 172 2209 .
187 2184 240 2222 quae
252 2172 389 2211 multifariam
402 2173 527 2223 inscriptum
537 2178 558 2211 et
569 2186 606 2223 per
615 2177 686 2212 noctes
696 2178 742 2230 cres?

36 2242 155 2281 soberrime
172 2242 313 2281 adclamatum
331 2246 373 2281 est:
397 2243 466 2281 Redde
485 2243 641 2282 darmannum!
670 2243 736 2288 Quam

67 2313 205 2364 suspicionem
224 2311 355 2351 confirmavit
372 2312 417 2362 ipse
433 2316 512 2362 postea,
530 2312 616 2361 coniuge
633 2313 696 2351 etiam
713 2326 736 2352 ac

66 2383 137 2422 liberis
149 2381 269 2422 Germanici
279 2381 383 2420 crudelem
393 2381 415 2419 in
425 2381 510 2419 modum
519 2381 607 2420 afflictis.
