1520 2600
42 124 70 166 al
94 134 113 167 0.
130 133 235 167 sunrorrr
250 134 403 175 1111111111
418 135 451 167 nn
466 135 525 168 urm
541 135 676 169 0111111111

42 260 101 285 snam
112 248 254 297 transtulerat,
263 248 344 287 senatui
354 249 451 287 reddidit.
480 250 552 301 Lyciis
560 250 586 288 ob
594 250 712 289 exitiabiles

42 317 96 355 inter
109 330 130 356 se
143 318 256 357 discordias
272 318 392 357 libertatem
405 319 489 368 ademit
499 320 590 358 Rhodiis
605 321 630 359 ob
642 321 712 371 paeni-

42 387 130 425 tentiam
145 391 240 425 veterum
255 388 379 426 delictorum
393 388 492 427 reddidit.
521 389 640 439 Iliensibus,
652 391 712 440 quasi

41 458 148 496 Romanae
158 457 227 507 gentis
238 457 363 506 stratoribus,
374 458 453 497 tributa
460 458 483 496 in
490 463 614 509 perpetuum
624 459 711 509 remisit,

20 541 30 570 5
41 527 129 566 recitata
139 531 208 565 vetere
218 527 310 577 epistula
320 528 399 566 Graeca
407 532 492 582 senatus
499 529 614 586 populique
621 530 712 569 Romani

41 598 126 637 Seleuco
137 597 180 646 regi
190 596 305 635 amicitiam
316 600 337 635 et
347 597 467 636 societatem
481 594 512 636 it'a
521 598 604 636 demum
614 599 712 649 pollicen-

40 662 74 721 tis,
86 668 104 705 si
119 666 282 716 consanguineos
293 679 341 705 suos
352 666 441 706 Ilienses
455 668 482 706 ab
495 668 551 706 omni
565 681 626 708 onere
639 669 711 707 immu-

37 750 77 776 nes
98 737 245 788 praestitisset.
280 737 369 776 ludaeos
389 737 503 788 impulsore
522 738 610 778 Chresto
627 739 710 778 assidue
749 767 751 769 -

191 806 341 845 tumultuantis
357 807 425 845 Roma
443 808 530 858 expulit.
560 809 710 847 Germanorum

191 877 266 928 legatis
276 877 299 915 in
311 878 418 917 orchestra
433 878 504 918 sedere
519 879 620 930 permisit,
632 879 711 931 simpli·
728 899 730 901 ·
755 866 756 869 Ἴ

192 948 254 986 citate
271 960 341 986 eorum
357 951 378 986 et
392 948 470 987 fiducia
484 953 604 998 commotus,
615 950 671 999 quod
687 950 710 988 in

39 1018 148 1069 popularia
163 1017 253 1066 deducti,
264 1030 310 1056 cum
326 1018 525 1058 animadvertissent
539 1019 628 1058 Parthos
642 1023 662 1058 et
672 1020 710 1057 Ar·
741 1034 744 1037 ’

38 1088 118 1127 menios
129 1088 220 1127 sedentis
231 1088 253 1125 in
263 1092 343 1136 senatu,
355 1088 381 1126 ad
391 1089 462 1127 eadem
476 1089 522 1132 loca
536 1093 610 1139 sponte
624 1090 710 1129 transie-

58 860 144 899 Religious

9 889 28 918 1⁰
58 910 128 940 reforms

38 1162 92 1207 rant,
104 1158 172 1196 nihilo
187 1158 309 1196 deteriorem
326 1158 427 1196 uirtutem
443 1163 479 1197 aut
493 1159 634 1197 condicionem
651 1172 709 1198 suam

8 1241 27 1270 15
38 1229 189 1279 praedicantes.
218 1228 347 1266 Druidarum
361 1228 484 1278 religionem
499 1229 554 1280 apud
568 1229 640 1268 Gallos
652 1229 709 1268 dirae

38 1298 183 1348 immanitatis,
192 1302 213 1336 et
222 1302 305 1337 tantum
315 1299 396 1337 civibus
412 1299 451 1337 sub
459 1300 556 1348 Augusto
568 1299 708 1349 interdictam,
736 1284 738 1290 i

38 1369 122 1420 penitus
133 1369 233 1418 abolevit3
250 1367 322 1407 coritra
332 1381 391 1407 sacra
403 1369 512 1422 Eleusinia
522 1369 584 1408 etiam
593 1371 710 1408 transferre
725 1362 731 1368 ’

38 1451 65 1477 ex
80 1438 154 1478 Attica
169 1440 258 1477 Romam
277 1443 363 1477 conatus
382 1443 420 1487 est,
437 1439 581 1490 templumque
597 1440 620 1477 in
636 1430 709 1479 Sicilia

38 1510 125 1549 Veneris
149 1509 253 1561 Erycinae
274 1512 379 1547 vetustate
401 1509 523 1560 conlapsum
541 1514 565 1548 ut
584 1522 610 1547 ex
629 1510 708 1548 aerario

7 1589 27 1619 20
38 1581 111 1631 populi
130 1580 219 1618 Romani
242 1579 367 1628 reficeretur,
387 1584 459 1618 auctor
477 1579 525 1619 luit.
555 1581 606 1619 Sum
624 1581 708 1631 regibus

38 1651 112 1690 foedus
122 1650 144 1688 in
154 1651 201 1689 toro
210 1650 248 1689 icit
257 1662 320 1701 porca
330 1662 389 1689 caesa
402 1662 425 1688 ac
435 1653 504 1689 vetere
514 1650 618 1689 fetialium
628 1652 709 1702 praefa-

38 1721 94 1760 tione
109 1720 209 1760 adhibita.
239 1720 280 1759 Sed
293 1724 313 1758 et
326 1720 378 1758 haec
387 1724 409 1759 et
419 1724 487 1759 cetera
498 1724 609 1772 totumque
621 1722 672 1759 adeo
682 1734 707 1759 ex

22 1796 97 1844 ,parte
116 1804 192 1841 magna
208 1790 349 1841 principatum
365 1803 408 1835 non
423 1795 466 1830 tam
484 1804 522 1830 suo
539 1804 599 1842 quarn
619 1804 707 1830 uxorum

37 1862 201 1911 libertorumque
211 1860 297 1900 arbitrio
308 1860 470 1910 administrarit,
477 1861 526 1901 talis
534 1861 611 1911 ubique
618 1862 708 1912 plerum-

7 1945 26 1975 25
38 1946 83 1983 que,
94 1933 177 1983 qualem
187 1944 232 1970 esse
243 1943 289 1969 eum
299 1934 336 1970 aut
346 1930 455 1981 expediret
464 1930 507 1970 illis
518 1935 554 1970 aut
564 1931 643 1971 liberet.

56 2004 155 2054 Sponsas
170 2001 281 2040 admodum
296 2000 418 2040 adulescens
429 2002 480 2041 duas
492 2002 578 2041 habuit:
593 2001 707 2041 Aemiliam
716 2007 742 2039 26

37 2073 138 2124 Lepidam
153 2072 244 2121 Augusti
257 2075 387 2123 proneptem,
398 2072 449 2110 item
463 2072 546 2111 Liviam
560 2072 706 2121 hledullinam,

71 2187 75 2192 Δ
111 2186 114 2192 Ι
188 2140 222 2181 cui
231 2145 252 2180 et
262 2154 375 2192 cognomen
385 2141 485 2181 Camillae
495 2146 545 2191 erat,
560 2155 570 2181 e
585 2155 659 2192 genere
673 2155 707 2181 an-

55 2187 147 2217 mswrves
187 2212 247 2263 tiquo
270 2212 380 2251 dictatoris
404 2212 495 2252 Camilli.
531 2213 631 2261 Priorem,
651 2213 706 2263 quod

6 2295 25 2325 30
36 2287 133 2335 parentes
148 2282 192 2322 eius
202 2281 322 2331 Augustum
336 2282 472 2333 offenderant,
482 2282 586 2333 virginem
597 2282 665 2322 adhuc
677 2295 707 2321 re-

35 2351 426 2405 1111111011,1101161016111110011161111
437 2357 481 2392 erat
490 2353 571 2404 nuptiis
581 2353 705 2402 destinatus,
725 2351 727 2354 ’

36 2438 62 2464 ex
80 2423 201 2464 valetudine
220 2422 296 2461 amisit.
329 2423 411 2462 Uxores
428 2422 503 2462 deinde
521 2423 581 2462 duxit
599 2423 704 2463 Plautiam
